<?xml version="1.0" encoding="UTF-8"?>
<!DOCTYPE html PUBLIC "-//W3C//DTD XHTML 1.0 Transitional//EN"
    "http://www.w3.org/TR/xhtml1/DTD/xhtml1-transitional.dtd">
<html xmlns="http://www.w3.org/1999/xhtml" xml:lang="en" lang="en">
 <head>
  <title>
</title>
<meta http-equiv="Content-Type" content="text/html;charset=utf-8" />
  <meta name='ocr-system' content='tesseract 3.04.00' />
  <meta name='ocr-capabilities' content='ocr_page ocr_carea ocr_par ocr_line ocrx_word'/>
</head>
<body>
  <div class='ocr_page' id='page_1' title='image "./memoriaepopulor03strigoog_0295.png"; bbox 0 0 4110 5742; ppageno 0'>
   <div class='ocr_carea' id='block_1_1' title="bbox 625 507 1508 685">
    <p class='ocr_par' dir='ltr' id='par_1_1' title="bbox 625 507 1508 685">
     <span class='ocr_line' id='line_1_1' title="bbox 625 507 1508 685; baseline -0.012 -19"><span class='ocrx_word' id='word_1_1' title='bbox 625 603 692 685; x_wconf 79' lang='lat' dir='ltr'>ur</span> <span class='ocrx_word' id='word_1_2' title='bbox 1071 507 1508 662; x_wconf 63' lang='lat' dir='ltr'>rvncroonuu</span> 
     </span>
    </p>
   </div>
   <div class='ocr_carea' id='block_1_2' title="bbox 315 697 1939 1817">
    <p class='ocr_par' dir='ltr' id='par_1_2' title="bbox 315 697 1907 1206">
     <span class='ocr_line' id='line_1_2' title="bbox 315 697 612 788; baseline -0.024 -17"><span class='ocrx_word' id='word_1_3' title='bbox 315 742 317 748; x_wconf 22' lang='grc' dir='ltr'>π</span> <span class='ocrx_word' id='word_1_4' title='bbox 410 697 491 788; x_wconf 77' lang='lat' dir='ltr'>Iup.</span> <span class='ocrx_word' id='word_1_5' title='bbox 532 715 612 766; x_wconf 74' lang='lat' dir='ltr'>aar·</span> 
     </span>
     <span class='ocr_line' id='line_1_3' title="bbox 358 787 1442 874; baseline -0.012 -12"><span class='ocrx_word' id='word_1_6' title='bbox 358 829 360 837; x_wconf 42' lang='lat' dir='ltr'>v</span> <span class='ocrx_word' id='word_1_7' title='bbox 413 790 524 868; x_wconf 75' lang='lat' dir='ltr'>x101·</span> <span class='ocrx_word' id='word_1_8' title='bbox 903 817 905 824; x_wconf 39' lang='lat' dir='ltr'><strong><em>s</em></strong></span> <span class='ocrx_word' id='word_1_9' title='bbox 1110 809 1137 857; x_wconf 85' lang='lat' dir='ltr'>a.</span> <span class='ocrx_word' id='word_1_10' title='bbox 1164 787 1202 858; x_wconf 92' lang='lat' dir='ltr'>C.</span> <span class='ocrx_word' id='word_1_11' title='bbox 1229 789 1442 874; x_wconf 86' lang='lat'>1109-1118.</span> 
     </span>
     <span class='ocr_line' id='line_1_4' title="bbox 412 875 1907 1009; baseline -0.014 -15"><span class='ocrx_word' id='word_1_12' title='bbox 412 875 517 943; x_wconf 54' lang='lat' dir='ltr'>cmm</span> <span class='ocrx_word' id='word_1_13' title='bbox 621 917 768 993; x_wconf 86' lang='lat' dir='ltr'>bouem:</span> <span class='ocrx_word' id='word_1_14' title='bbox 792 909 871 1009; x_wconf 86' lang='lat' dir='ltr'>qui,</span> <span class='ocrx_word' id='word_1_15' title='bbox 898 932 973 980; x_wconf 90' lang='lat' dir='ltr'>cum</span> <span class='ocrx_word' id='word_1_16' title='bbox 998 899 1121 979; x_wconf 86' lang='lat' dir='ltr'>semitas</span> <span class='ocrx_word' id='word_1_17' title='bbox 1148 910 1276 1004; x_wconf 88' lang='lat' dir='ltr'>viasque</span> <span class='ocrx_word' id='word_1_18' title='bbox 1302 925 1417 974; x_wconf 89' lang='lat' dir='ltr'>omnes</span> <span class='ocrx_word' id='word_1_19' title='bbox 1441 899 1562 972; x_wconf 83' lang='lat' dir='ltr'>Tuscis</span> <span class='ocrx_word' id='word_1_20' title='bbox 1587 889 1710 970; x_wconf 72' lang='lat' dir='ltr'>inless&#39;as</span> <span class='ocrx_word' id='word_1_21' title='bbox 1735 907 1907 998; x_wconf 53' lang='lat' dir='ltr'>petuma</span> 
     </span>
     <span class='ocr_line' id='line_1_5' title="bbox 624 995 1890 1110; baseline -0.018 -16"><span class='ocrx_word' id='word_1_22' title='bbox 624 1019 736 1098; x_wconf 86' lang='lat' dir='ltr'>audaci</span> <span class='ocrx_word' id='word_1_23' title='bbox 762 1029 905 1110; x_wconf 88' lang='lat' dir='ltr'>coeptu,</span> <span class='ocrx_word' id='word_1_24' title='bbox 932 1005 985 1080; x_wconf 87' lang='lat' dir='ltr'>led</span> <span class='ocrx_word' id='word_1_25' title='bbox 1011 1003 1119 1090; x_wconf 80' lang='lat' dir='ltr'>felici,</span> <span class='ocrx_word' id='word_1_26' title='bbox 1145 1033 1203 1105; x_wconf 91' lang='lat' dir='ltr'>per</span> <span class='ocrx_word' id='word_1_27' title='bbox 1226 999 1354 1078; x_wconf 91' lang='lat' dir='ltr'>medios</span> <span class='ocrx_word' id='word_1_28' title='bbox 1380 1000 1486 1072; x_wconf 87' lang='lat' dir='ltr'>holles</span> <span class='ocrx_word' id='word_1_29' title='bbox 1511 995 1551 1070; x_wconf 89' lang='lat' dir='ltr'>ad</span> <span class='ocrx_word' id='word_1_30' title='bbox 1578 998 1760 1100; x_wconf 79' lang='lat' dir='ltr'>Augustum</span> <span class='ocrx_word' id='word_1_31' title='bbox 1785 1027 1890 1102; x_wconf 75' lang='lat' dir='ltr'>perue.</span> 
     </span>
     <span class='ocr_line' id='line_1_6' title="bbox 625 1097 1889 1206; baseline -0.012 -14"><span class='ocrx_word' id='word_1_32' title='bbox 625 1126 689 1196; x_wconf 65' lang='lat' dir='ltr'>nir.</span> <span class='ocrx_word' id='word_1_33' title='bbox 730 1123 758 1189; x_wconf 86' lang='lat' dir='ltr'>Is</span> <span class='ocrx_word' id='word_1_34' title='bbox 784 1113 886 1186; x_wconf 85' lang='lat' dir='ltr'>statim</span> <span class='ocrx_word' id='word_1_35' title='bbox 912 1115 1029 1184; x_wconf 86' lang='lat' dir='ltr'>certior</span> <span class='ocrx_word' id='word_1_36' title='bbox 1052 1107 1178 1190; x_wconf 73' lang='lat' dir='ltr'>fadus,</span> <span class='ocrx_word' id='word_1_37' title='bbox 1203 1131 1269 1206; x_wconf 93' lang='lat' dir='ltr'>quo</span> <span class='ocrx_word' id='word_1_38' title='bbox 1294 1129 1343 1176; x_wconf 80' lang='lat' dir='ltr'>tes</span> <span class='ocrx_word' id='word_1_39' title='bbox 1367 1100 1444 1175; x_wconf 91' lang='lat' dir='ltr'>loco</span> <span class='ocrx_word' id='word_1_40' title='bbox 1469 1097 1556 1199; x_wconf 82' lang='lat' dir='ltr'>apud</span> <span class='ocrx_word' id='word_1_41' title='bbox 1590 1105 1728 1174; x_wconf 85' lang='lat' dir='ltr'>Burtzeu</span> <span class='ocrx_word' id='word_1_42' title='bbox 1760 1100 1889 1200; x_wconf 77' lang='lat' dir='ltr'>efferet,</span> 
     </span>
    </p>

    <p class='ocr_par' dir='ltr' id='par_1_3' title="bbox 500 1205 1939 1817">
     <span class='ocr_line' id='line_1_7' title="bbox 500 1205 1939 1322; baseline -0.01 -28"><span class='ocrx_word' id='word_1_43' title='bbox 500 1232 511 1240; x_wconf 80' lang='grc'><strong>“</strong></span> <span class='ocrx_word' id='word_1_44' title='bbox 626 1239 848 1322; x_wconf 82' lang='lat' dir='ltr'>qtrautumque</span> <span class='ocrx_word' id='word_1_45' title='bbox 871 1211 970 1284; x_wconf 87' lang='lat' dir='ltr'>nollri</span> <span class='ocrx_word' id='word_1_46' title='bbox 1001 1208 1203 1282; x_wconf 89' lang='lat' dir='ltr'>multitudiue</span> <span class='ocrx_word' id='word_1_47' title='bbox 1233 1205 1376 1278; x_wconf 90' lang='lat' dir='ltr'>hollium</span> <span class='ocrx_word' id='word_1_48' title='bbox 1414 1221 1666 1302; x_wconf 84' lang='lat' dir='ltr'>premerentur,</span> <span class='ocrx_word' id='word_1_49' title='bbox 1702 1227 1891 1306; x_wconf 75' lang='lat' dir='ltr'>egeruntque</span> <span class='ocrx_word' id='word_1_50' title='bbox 1937 1259 1939 1264; x_wconf 67' lang='lat'>,</span> 
     </span>
     <span class='ocr_line' id='line_1_8' title="bbox 625 1299 1891 1404; baseline -0.013 -10"><span class='ocrx_word' id='word_1_51' title='bbox 625 1319 824 1394; x_wconf 75' lang='lat' dir='ltr'>auxiliaribus</span> <span class='ocrx_word' id='word_1_52' title='bbox 849 1310 954 1386; x_wconf 88' lang='lat' dir='ltr'>multis</span> <span class='ocrx_word' id='word_1_53' title='bbox 980 1313 1124 1383; x_wconf 87' lang='lat' dir='ltr'>manibus</span> <span class='ocrx_word' id='word_1_54' title='bbox 1150 1327 1181 1382; x_wconf 91' lang='lat' dir='ltr'>et</span> <span class='ocrx_word' id='word_1_55' title='bbox 1207 1310 1331 1404; x_wconf 76' lang='lat' dir='ltr'>copiis,</span> <span class='ocrx_word' id='word_1_56' title='bbox 1364 1321 1465 1376; x_wconf 89' lang='lat' dir='ltr'>armat</span> <span class='ocrx_word' id='word_1_57' title='bbox 1497 1301 1529 1375; x_wconf 85' lang='lat' dir='ltr'>se</span> <span class='ocrx_word' id='word_1_58' title='bbox 1559 1299 1625 1402; x_wconf 88' lang='lat' dir='ltr'>ipse</span> <span class='ocrx_word' id='word_1_59' title='bbox 1658 1301 1726 1376; x_wconf 83' lang='lat' dir='ltr'>hue</span> <span class='ocrx_word' id='word_1_60' title='bbox 1764 1322 1891 1388; x_wconf 64' lang='lat' dir='ltr'>mora.</span> 
     </span>
     <span class='ocr_line' id='line_1_9' title="bbox 625 1404 1891 1518; baseline -0.011 -24"><span class='ocrx_word' id='word_1_61' title='bbox 625 1422 777 1518; x_wconf 88' lang='lat' dir='ltr'>iubetque</span> <span class='ocrx_word' id='word_1_62' title='bbox 803 1417 918 1485; x_wconf 89' lang='lat' dir='ltr'>armari</span> <span class='ocrx_word' id='word_1_63' title='bbox 943 1413 1082 1484; x_wconf 84' lang='lat' dir='ltr'>milites:</span> <span class='ocrx_word' id='word_1_64' title='bbox 1106 1435 1144 1480; x_wconf 86' lang='lat' dir='ltr'>a:</span> <span class='ocrx_word' id='word_1_65' title='bbox 1169 1412 1282 1480; x_wconf 87' lang='lat' dir='ltr'>itinere</span> <span class='ocrx_word' id='word_1_66' title='bbox 1308 1410 1344 1476; x_wconf 87' lang='lat' dir='ltr'>iu</span> <span class='ocrx_word' id='word_1_67' title='bbox 1367 1404 1495 1478; x_wconf 83' lang='lat' dir='ltr'>hostem</span> <span class='ocrx_word' id='word_1_68' title='bbox 1520 1429 1603 1478; x_wconf 84' lang='lat' dir='ltr'>mox</span> <span class='ocrx_word' id='word_1_69' title='bbox 1644 1412 1891 1502; x_wconf 78' lang='lat' dir='ltr'>pronunciare.</span> 
     </span>
     <span class='ocr_line' id='line_1_10' title="bbox 627 1507 1895 1615; baseline -0.018 -20"><span class='ocrx_word' id='word_1_70' title='bbox 627 1528 730 1596; x_wconf 88' lang='lat' dir='ltr'>aciem</span> <span class='ocrx_word' id='word_1_71' title='bbox 764 1541 862 1615; x_wconf 90' lang='lat' dir='ltr'>quam</span> <span class='ocrx_word' id='word_1_72' title='bbox 899 1509 1128 1586; x_wconf 86' lang='lat' dir='ltr'>ordiuatilhme</span> <span class='ocrx_word' id='word_1_73' title='bbox 1166 1509 1353 1580; x_wconf 78' lang='lat' dir='ltr'>inllrudlam</span> <span class='ocrx_word' id='word_1_74' title='bbox 1400 1525 1584 1603; x_wconf 88' lang='lat' dir='ltr'>promouet.</span> <span class='ocrx_word' id='word_1_75' title='bbox 1637 1507 1801 1581; x_wconf 72' lang='lat' dir='ltr'>Dudhebat</span> <span class='ocrx_word' id='word_1_76' title='bbox 1837 1512 1895 1612; x_wconf 66' lang='lat' dir='ltr'>ppi.</span> 
     </span>
     <span class='ocr_line' id='line_1_11' title="bbox 627 1603 1895 1713; baseline -0.011 -16"><span class='ocrx_word' id='word_1_77' title='bbox 627 1647 723 1698; x_wconf 86' lang='lat' dir='ltr'>urum</span> <span class='ocrx_word' id='word_1_78' title='bbox 747 1643 852 1689; x_wconf 85' lang='lat' dir='ltr'>cornu</span> <span class='ocrx_word' id='word_1_79' title='bbox 879 1623 1044 1713; x_wconf 83' lang='lat' dir='ltr'>‘princeps</span> <span class='ocrx_word' id='word_1_80' title='bbox 1071 1610 1215 1686; x_wconf 85' lang='lat' dir='ltr'>Michael</span> <span class='ocrx_word' id='word_1_81' title='bbox 1239 1611 1299 1698; x_wconf 76' lang='grc' dir='ltr'>Ιὶ);</span> <span class='ocrx_word' id='word_1_82' title='bbox 1331 1603 1483 1680; x_wconf 85' lang='lat' dir='ltr'>dextrum</span> <span class='ocrx_word' id='word_1_83' title='bbox 1517 1611 1730 1701; x_wconf 77' lang='lat' dir='ltr'>Bryeuuiut3</span> <span class='ocrx_word' id='word_1_84' title='bbox 1770 1607 1895 1688; x_wconf 76' lang='lat' dir='ltr'>laeuum</span> 
     </span>
     <span class='ocr_line' id='line_1_12' title="bbox 627 1715 1916 1817; baseline -0.024 -16"><span class='ocrx_word' id='word_1_85' title='bbox 627 1727 768 1808; x_wconf 64' lang='lat' dir='ltr'>flabrum</span> <span class='ocrx_word' id='word_1_86' title='bbox 792 1715 994 1817; x_wconf 87' lang='lat' dir='ltr'>postremum</span> <span class='ocrx_word' id='word_1_87' title='bbox 1020 1739 1140 1814; x_wconf 83' lang='lat' dir='ltr'>agmen</span> <span class='ocrx_word' id='word_1_88' title='bbox 1169 1716 1402 1784; x_wconf 89' lang='lat' dir='ltr'>Cecaumenus.</span> <span class='ocrx_word' id='word_1_89' title='bbox 1889 1733 1916 1770; x_wconf 56' lang='lat' dir='ltr'>vs</span> 
     </span>
    </p>
   </div>
   <div class='ocr_carea' id='block_1_3' title="bbox 515 1881 1906 2809">
    <p class='ocr_par' dir='ltr' id='par_1_4' title="bbox 515 1881 1906 2809">
     <span class='ocr_line' id='line_1_13' title="bbox 736 1881 1899 1992; baseline -0.014 -14"><span class='ocrx_word' id='word_1_90' title='bbox 736 1905 811 1978; x_wconf 78' lang='lat' dir='ltr'>Hor</span> <span class='ocrx_word' id='word_1_91' title='bbox 837 1897 882 1973; x_wconf 82' lang='lat' dir='ltr'>fic</span> <span class='ocrx_word' id='word_1_92' title='bbox 906 1905 1067 1974; x_wconf 80' lang='lat' dir='ltr'>venientes</span> <span class='ocrx_word' id='word_1_93' title='bbox 1092 1899 1196 1970; x_wconf 85' lang='lat' dir='ltr'>Truci</span> <span class='ocrx_word' id='word_1_94' title='bbox 1222 1888 1338 1992; x_wconf 90' lang='lat' dir='ltr'>procul</span> <span class='ocrx_word' id='word_1_95' title='bbox 1353 1881 1533 1990; x_wconf 85' lang='lat' dir='ltr'>&#39;conspicati</span> <span class='ocrx_word' id='word_1_96' title='bbox 1567 1907 1680 1962; x_wconf 87' lang='lat' dir='ltr'>eontra</span> <span class='ocrx_word' id='word_1_97' title='bbox 1710 1881 1743 1962; x_wconf 90' lang='lat' dir='ltr'>se</span> <span class='ocrx_word' id='word_1_98' title='bbox 1776 1887 1820 1964; x_wconf 79' lang='lat' dir='ltr'>ad</span> <span class='ocrx_word' id='word_1_99' title='bbox 1849 1917 1899 1972; x_wconf 75' lang='lat' dir='ltr'>ex·</span> 
     </span>
     <span class='ocr_line' id='line_1_14' title="bbox 515 1986 1899 2100; baseline -0.008 -22"><span class='ocrx_word' id='word_1_100' title='bbox 515 2005 517 2010; x_wconf 67' lang='grc'>’</span> <span class='ocrx_word' id='word_1_101' title='bbox 629 2009 658 2078; x_wconf 80' lang='lat' dir='ltr'>ei</span> <span class='ocrx_word' id='word_1_102' title='bbox 685 2003 797 2076; x_wconf 90' lang='lat' dir='ltr'>iendos</span> <span class='ocrx_word' id='word_1_103' title='bbox 823 2022 943 2100; x_wconf 82' lang='lat' dir='ltr'>parant</span> <span class='ocrx_word' id='word_1_104' title='bbox 968 2002 1175 2098; x_wconf 87' lang='lat' dir='ltr'>Nicephorus</span> <span class='ocrx_word' id='word_1_105' title='bbox 1200 2014 1267 2065; x_wconf 87' lang='lat' dir='ltr'>erat</span> <span class='ocrx_word' id='word_1_106' title='bbox 1290 1997 1497 2090; x_wconf 77' lang='lat' dir='ltr'>imperatricis</span> <span class='ocrx_word' id='word_1_107' title='bbox 1515 2017 1556 2064; x_wconf 90' lang='lat' dir='ltr'>ex</span> <span class='ocrx_word' id='word_1_108' title='bbox 1567 1986 1664 2062; x_wconf 75' lang='lat' dir='ltr'>franc</span> <span class='ocrx_word' id='word_1_109' title='bbox 1676 2015 1805 2090; x_wconf 84' lang='lat' dir='ltr'>nepos,</span> <span class='ocrx_word' id='word_1_110' title='bbox 1830 1993 1899 2068; x_wconf 86' lang='lat' dir='ltr'>ado·</span> 
     </span>
     <span class='ocr_line' id='line_1_15' title="bbox 628 2033 1901 2201; baseline -0.01 -21"><span class='ocrx_word' id='word_1_111' title='bbox 628 2033 747 2180; x_wconf 71' lang='lat' dir='ltr'>lelceus</span> <span class='ocrx_word' id='word_1_112' title='bbox 773 2125 910 2176; x_wconf 87' lang='lat' dir='ltr'>martem</span> <span class='ocrx_word' id='word_1_113' title='bbox 935 2095 1063 2201; x_wconf 85' lang='lat' dir='ltr'>spirans.</span> <span class='ocrx_word' id='word_1_114' title='bbox 1113 2105 1141 2171; x_wconf 86' lang='lat' dir='ltr'>Is</span> <span class='ocrx_word' id='word_1_115' title='bbox 1168 2090 1345 2192; x_wconf 75' lang='lat' dir='ltr'>conspedlu</span> <span class='ocrx_word' id='word_1_116' title='bbox 1373 2099 1481 2192; x_wconf 88' lang='lat' dir='ltr'>primo</span> <span class='ocrx_word' id='word_1_117' title='bbox 1506 2089 1666 2164; x_wconf 84' lang='lat' dir='ltr'>setenore</span> <span class='ocrx_word' id='word_1_118' title='bbox 1689 2118 1760 2164; x_wconf 88' lang='lat' dir='ltr'>nou</span> <span class='ocrx_word' id='word_1_119' title='bbox 1778 2101 1901 2192; x_wconf 88' lang='lat' dir='ltr'>potuit,</span> 
     </span>
     <span class='ocr_line' id='line_1_16' title="bbox 628 2191 1901 2307; baseline -0.008 -28"><span class='ocrx_word' id='word_1_120' title='bbox 628 2211 733 2307; x_wconf 77' lang='lat' dir='ltr'>quein,</span> <span class='ocrx_word' id='word_1_121' title='bbox 759 2209 826 2277; x_wconf 87' lang='lat' dir='ltr'>acie</span> <span class='ocrx_word' id='word_1_122' title='bbox 851 2226 1040 2303; x_wconf 88' lang='lat' dir='ltr'>procurrens</span> <span class='ocrx_word' id='word_1_123' title='bbox 1073 2227 1150 2272; x_wconf 92' lang='lat' dir='ltr'>cum</span> <span class='ocrx_word' id='word_1_124' title='bbox 1186 2201 1269 2296; x_wconf 87' lang='lat' dir='ltr'>paris</span> <span class='ocrx_word' id='word_1_125' title='bbox 1301 2191 1442 2267; x_wconf 84' lang='lat' dir='ltr'>ferociae</span> <span class='ocrx_word' id='word_1_126' title='bbox 1482 2195 1649 2266; x_wconf 86' lang='lat' dir='ltr'>iuuenibus</span> <span class='ocrx_word' id='word_1_127' title='bbox 1680 2192 1901 2291; x_wconf 67' lang='lat' dir='ltr'>quibusdam</span> 
     </span>
     <span class='ocr_line' id='line_1_17' title="bbox 627 2293 1904 2400; baseline -0.012 -20"><span class='ocrx_word' id='word_1_128' title='bbox 627 2311 663 2380; x_wconf 89' lang='lat' dir='ltr'>iu</span> <span class='ocrx_word' id='word_1_129' title='bbox 689 2311 819 2380; x_wconf 88' lang='lat' dir='ltr'>Turcos</span> <span class='ocrx_word' id='word_1_130' title='bbox 842 2309 976 2377; x_wconf 88' lang='lat' dir='ltr'>irrueret</span> <span class='ocrx_word' id='word_1_131' title='bbox 1007 2321 1038 2375; x_wconf 90' lang='lat' dir='ltr'>et</span> <span class='ocrx_word' id='word_1_132' title='bbox 1074 2297 1158 2400; x_wconf 86' lang='lat' dir='ltr'>ipsos</span> <span class='ocrx_word' id='word_1_133' title='bbox 1191 2317 1304 2370; x_wconf 88' lang='lat' dir='ltr'>contra</span> <span class='ocrx_word' id='word_1_134' title='bbox 1335 2297 1533 2368; x_wconf 84' lang='lat' dir='ltr'>inuehentes.</span> <span class='ocrx_word' id='word_1_135' title='bbox 1578 2293 1761 2368; x_wconf 70' lang='lat' dir='ltr'>continue</span> <span class='ocrx_word' id='word_1_136' title='bbox 1787 2293 1831 2368; x_wconf 84' lang='lat' dir='ltr'>fit</span> <span class='ocrx_word' id='word_1_137' title='bbox 1858 2325 1904 2372; x_wconf 80' lang='lat' dir='ltr'>ee.</span> 
     </span>
     <span class='ocr_line' id='line_1_18' title="bbox 631 2391 1903 2504; baseline -0.01 -24"><span class='ocrx_word' id='word_1_138' title='bbox 631 2410 778 2484; x_wconf 89' lang='lat' dir='ltr'>hemens.</span> <span class='ocrx_word' id='word_1_139' title='bbox 804 2405 920 2478; x_wconf 86' lang='lat' dir='ltr'>vulnus</span> <span class='ocrx_word' id='word_1_140' title='bbox 945 2409 1054 2504; x_wconf 89' lang='lat' dir='ltr'>primo</span> <span class='ocrx_word' id='word_1_141' title='bbox 1080 2403 1285 2500; x_wconf 88' lang='lat' dir='ltr'>Nicephorus</span> <span class='ocrx_word' id='word_1_142' title='bbox 1312 2401 1426 2496; x_wconf 86' lang='lat' dir='ltr'>accipit</span> <span class='ocrx_word' id='word_1_143' title='bbox 1451 2400 1485 2468; x_wconf 91' lang='lat' dir='ltr'>iu</span> <span class='ocrx_word' id='word_1_144' title='bbox 1509 2421 1622 2496; x_wconf 73' lang='lat' dir='ltr'>genoe</span> <span class='ocrx_word' id='word_1_145' title='bbox 1652 2391 1706 2467; x_wconf 88' lang='lat' dir='ltr'>sed</span> <span class='ocrx_word' id='word_1_146' title='bbox 1739 2391 1773 2465; x_wconf 89' lang='lat' dir='ltr'>id</span> <span class='ocrx_word' id='word_1_147' title='bbox 1808 2395 1903 2472; x_wconf 79' lang='lat' dir='ltr'>{latim</span> 
     </span>
     <span class='ocr_line' id='line_1_19' title="bbox 633 2492 1902 2606; baseline -0.01 -26"><span class='ocrx_word' id='word_1_148' title='bbox 633 2505 700 2606; x_wconf 91' lang='lat' dir='ltr'>ipse</span> <span class='ocrx_word' id='word_1_149' title='bbox 725 2506 812 2606; x_wconf 87' lang='lat' dir='ltr'>large</span> <span class='ocrx_word' id='word_1_150' title='bbox 839 2500 1016 2589; x_wconf 79' lang='lat' dir='ltr'>ulciscitur,</span> <span class='ocrx_word' id='word_1_151' title='bbox 1041 2503 1147 2577; x_wconf 85' lang='lat' dir='ltr'>hallae</span> <span class='ocrx_word' id='word_1_152' title='bbox 1171 2503 1237 2574; x_wconf 77' lang='lat' dir='ltr'>ittu</span> <span class='ocrx_word' id='word_1_153' title='bbox 1262 2494 1369 2572; x_wconf 83' lang='lat' dir='ltr'>valido</span> <span class='ocrx_word' id='word_1_154' title='bbox 1396 2492 1513 2570; x_wconf 87' lang='lat' dir='ltr'>feriens</span> <span class='ocrx_word' id='word_1_155' title='bbox 1539 2499 1650 2595; x_wconf 81' lang='lat' dir='ltr'>pedlus</span> <span class='ocrx_word' id='word_1_156' title='bbox 1666 2501 1750 2578; x_wconf 81' lang='lat' dir='ltr'>eius,</span> <span class='ocrx_word' id='word_1_157' title='bbox 1775 2500 1835 2592; x_wconf 88' lang='lat' dir='ltr'>qui</span> <span class='ocrx_word' id='word_1_158' title='bbox 1846 2499 1902 2573; x_wconf 80' lang='lat' dir='ltr'>lae·</span> 
     </span>
     <span class='ocr_line' id='line_1_20' title="bbox 632 2594 1906 2708; baseline -0.016 -25"><span class='ocrx_word' id='word_1_159' title='bbox 632 2607 738 2693; x_wconf 69' lang='lat' dir='ltr'>serat,</span> <span class='ocrx_word' id='word_1_160' title='bbox 764 2633 863 2708; x_wconf 90' lang='lat' dir='ltr'>quem</span> <span class='ocrx_word' id='word_1_161' title='bbox 889 2627 921 2680; x_wconf 88' lang='lat' dir='ltr'>et</span> <span class='ocrx_word' id='word_1_162' title='bbox 945 2631 1031 2706; x_wconf 86' lang='lat' dir='ltr'>equo</span> <span class='ocrx_word' id='word_1_163' title='bbox 1057 2599 1222 2678; x_wconf 72' lang='lat' dir='ltr'>excuss&#39;um</span> <span class='ocrx_word' id='word_1_164' title='bbox 1247 2603 1354 2674; x_wconf 90' lang='lat' dir='ltr'>humo</span> <span class='ocrx_word' id='word_1_165' title='bbox 1381 2607 1510 2672; x_wconf 84' lang='lat' dir='ltr'>mutum</span> <span class='ocrx_word' id='word_1_166' title='bbox 1536 2594 1659 2672; x_wconf 82' lang='lat' dir='ltr'>afflixit</span> <span class='ocrx_word' id='word_1_167' title='bbox 1708 2599 1756 2669; x_wconf 86' lang='lat' dir='ltr'>Ea</span> <span class='ocrx_word' id='word_1_168' title='bbox 1780 2621 1821 2670; x_wconf 91' lang='lat' dir='ltr'>re</span> <span class='ocrx_word' id='word_1_169' title='bbox 1842 2627 1906 2700; x_wconf 74' lang='lat' dir='ltr'>pet.</span> 
     </span>
     <span class='ocr_line' id='line_1_21' title="bbox 634 2695 1859 2809; baseline -0.01 -25"><span class='ocrx_word' id='word_1_170' title='bbox 634 2705 711 2784; x_wconf 66' lang='lat' dir='ltr'>uulsi</span> <span class='ocrx_word' id='word_1_171' title='bbox 723 2761 733 2794; x_wconf 90' lang='lat'><em>,</em></span> <span class='ocrx_word' id='word_1_172' title='bbox 762 2713 817 2808; x_wconf 91' lang='lat' dir='ltr'>qui</span> <span class='ocrx_word' id='word_1_173' title='bbox 841 2735 931 2809; x_wconf 86' lang='lat' dir='ltr'>pone</span> <span class='ocrx_word' id='word_1_174' title='bbox 957 2709 1142 2790; x_wconf 84' lang='lat' dir='ltr'>veniebant,</span> <span class='ocrx_word' id='word_1_175' title='bbox 1166 2703 1318 2784; x_wconf 87' lang='lat' dir='ltr'>barbari,</span> <span class='ocrx_word' id='word_1_176' title='bbox 1343 2721 1431 2802; x_wconf 81' lang='lat' dir='ltr'>terga</span> <span class='ocrx_word' id='word_1_177' title='bbox 1457 2699 1561 2774; x_wconf 81' lang='lat' dir='ltr'>statim</span> <span class='ocrx_word' id='word_1_178' title='bbox 1587 2695 1664 2772; x_wconf 85' lang='lat' dir='ltr'>dant</span> <span class='ocrx_word' id='word_1_179' title='bbox 1688 2699 1859 2774; x_wconf 74' lang='lat' dir='ltr'>Romanu</span> 
     </span>
    </p>
   </div>
   <div class='ocr_carea' id='block_1_4' title="bbox 1203 2905 1428 3024">
    <p class='ocr_par' dir='ltr' id='par_1_5' title="bbox 1203 2905 1428 3024">
     <span class='ocr_line' id='line_1_22' title="bbox 1203 2905 1428 3024; baseline -0.009 -18"><span class='ocrx_word' id='word_1_180' title='bbox 1203 2905 1235 3006; x_wconf 82' lang='lat' dir='ltr'>s·</span> <span class='ocrx_word' id='word_1_181' title='bbox 1263 2923 1333 2991; x_wconf 77' lang='lat'>...</span> <span class='ocrx_word' id='word_1_182' title='bbox 1422 3014 1428 3024; x_wconf 66' lang='grc'><strong>,</strong></span> 
     </span>
    </p>
   </div>
   <div class='ocr_carea' id='block_1_5' title="bbox 553 3083 2020 4270">
    <p class='ocr_par' dir='ltr' id='par_1_6' title="bbox 635 3083 2020 3490">
     <span class='ocr_line' id='line_1_23' title="bbox 739 3083 2020 3190; baseline -0.003 -24"><span class='ocrx_word' id='word_1_183' title='bbox 739 3097 784 3166; x_wconf 84' lang='lat' dir='ltr'>At</span> <span class='ocrx_word' id='word_1_184' title='bbox 809 3096 1004 3190; x_wconf 78' lang='lat' dir='ltr'>imperator,</span> <span class='ocrx_word' id='word_1_185' title='bbox 1030 3107 1162 3188; x_wconf 90' lang='lat' dir='ltr'>recepto</span> <span class='ocrx_word' id='word_1_186' title='bbox 1188 3089 1311 3162; x_wconf 89' lang='lat' dir='ltr'>heroici</span> <span class='ocrx_word' id='word_1_187' title='bbox 1334 3083 1485 3162; x_wconf 84' lang='lat' dir='ltr'>facinoris</span> <span class='ocrx_word' id='word_1_188' title='bbox 1511 3083 1645 3156; x_wconf 75' lang='lat' dir='ltr'>audiere</span> <span class='ocrx_word' id='word_1_189' title='bbox 1675 3089 1818 3172; x_wconf 85' lang='lat' dir='ltr'>iuuene,</span> <span class='ocrx_word' id='word_1_190' title='bbox 1849 3114 1910 3162; x_wconf 84' lang='lat' dir='ltr'>me·</span> <span class='ocrx_word' id='word_1_191' title='bbox 2019 3113 2020 3120; x_wconf 53' lang='lat'>¹</span> 
     </span>
     <span class='ocr_line' id='line_1_24' title="bbox 640 3181 1905 3290; baseline 0 -28"><span class='ocrx_word' id='word_1_192' title='bbox 640 3194 747 3264; x_wconf 90' lang='lat' dir='ltr'>iorem</span> <span class='ocrx_word' id='word_1_193' title='bbox 774 3197 808 3262; x_wconf 89' lang='lat' dir='ltr'>in</span> <span class='ocrx_word' id='word_1_194' title='bbox 834 3190 973 3264; x_wconf 92' lang='lat' dir='ltr'>modum</span> <span class='ocrx_word' id='word_1_195' title='bbox 999 3188 1141 3290; x_wconf 80' lang='lat' dir='ltr'>gaudens</span> <span class='ocrx_word' id='word_1_196' title='bbox 1167 3215 1204 3262; x_wconf 82' lang='lat' dir='ltr'>ac</span> <span class='ocrx_word' id='word_1_197' title='bbox 1227 3186 1412 3290; x_wconf 84' lang='lat' dir='ltr'>gratulans,</span> <span class='ocrx_word' id='word_1_198' title='bbox 1437 3181 1611 3285; x_wconf 77' lang='lat' dir='ltr'>laudesque</span> <span class='ocrx_word' id='word_1_199' title='bbox 1634 3191 1690 3286; x_wconf 83' lang='lat' dir='ltr'>ipsi</span> <span class='ocrx_word' id='word_1_200' title='bbox 1717 3195 1905 3264; x_wconf 86' lang='lat' dir='ltr'>meritascu-</span> 
     </span>
     <span class='ocr_line' id='line_1_25' title="bbox 635 3285 1907 3390; baseline 0.002 -27"><span class='ocrx_word' id='word_1_201' title='bbox 635 3290 783 3374; x_wconf 80' lang='lat' dir='ltr'>nudans,</span> <span class='ocrx_word' id='word_1_202' title='bbox 809 3294 867 3363; x_wconf 87' lang='lat' dir='ltr'>iter</span> <span class='ocrx_word' id='word_1_203' title='bbox 892 3289 1054 3389; x_wconf 88' lang='lat' dir='ltr'>capelhuit</span> <span class='ocrx_word' id='word_1_204' title='bbox 1077 3286 1183 3364; x_wconf 81' lang='lat' dir='ltr'>versus</span> <span class='ocrx_word' id='word_1_205' title='bbox 1210 3290 1448 3366; x_wconf 86' lang='lat' dir='ltr'>Philomelium.</span> <span class='ocrx_word' id='word_1_206' title='bbox 1498 3291 1549 3358; x_wconf 87' lang='lat' dir='ltr'>Eo</span> <span class='ocrx_word' id='word_1_207' title='bbox 1574 3290 1686 3360; x_wconf 87' lang='lat' dir='ltr'>itinere</span> <span class='ocrx_word' id='word_1_208' title='bbox 1712 3295 1859 3390; x_wconf 88' lang='lat' dir='ltr'>peruenit</span> <span class='ocrx_word' id='word_1_209' title='bbox 1870 3285 1907 3366; x_wconf 84' lang='lat' dir='ltr'>ad</span> 
     </span>
     <span class='ocr_line' id='line_1_26' title="bbox 636 3387 1908 3490; baseline -0.006 -28"><span class='ocrx_word' id='word_1_210' title='bbox 636 3389 743 3462; x_wconf 86' lang='lat' dir='ltr'>lacum</span> <span class='ocrx_word' id='word_1_211' title='bbox 771 3389 978 3490; x_wconf 83' lang='lat' dir='ltr'>quadraginta</span> <span class='ocrx_word' id='word_1_212' title='bbox 1003 3411 1208 3482; x_wconf 65' lang='lat' dir='ltr'>martynum</span> <span class='ocrx_word' id='word_1_213' title='bbox 1234 3398 1285 3464; x_wconf 87' lang='lat' dir='ltr'>cui</span> <span class='ocrx_word' id='word_1_214' title='bbox 1322 3396 1430 3466; x_wconf 90' lang='lat' dir='ltr'>vicino</span> <span class='ocrx_word' id='word_1_215' title='bbox 1474 3392 1509 3458; x_wconf 91' lang='lat' dir='ltr'>in</span> <span class='ocrx_word' id='word_1_216' title='bbox 1545 3387 1625 3460; x_wconf 88' lang='lat' dir='ltr'>loco</span> <span class='ocrx_word' id='word_1_217' title='bbox 1662 3389 1853 3466; x_wconf 70' lang='lat' dir='ltr'>Mesonaste</span> <span class='ocrx_word' id='word_1_218' title='bbox 1876 3389 1908 3455; x_wconf 67' lang='grc' dir='ltr'>τ’]</span> 
     </span>
    </p>

    <p class='ocr_par' dir='ltr' id='par_1_7' title="bbox 553 3485 1912 3993">
     <span class='ocr_line' id='line_1_27' title="bbox 553 3485 1908 3594; baseline -0.001 -31"><span class='ocrx_word' id='word_1_219' title='bbox 553 3539 555 3545; x_wconf 69' lang='lat'>,</span> <span class='ocrx_word' id='word_1_220' title='bbox 638 3497 808 3564; x_wconf 87' lang='lat' dir='ltr'>nominato</span> <span class='ocrx_word' id='word_1_221' title='bbox 838 3494 938 3563; x_wconf 89' lang='lat' dir='ltr'>obiter</span> <span class='ocrx_word' id='word_1_222' title='bbox 964 3487 1114 3564; x_wconf 75' lang='lat' dir='ltr'>consedit.</span> <span class='ocrx_word' id='word_1_223' title='bbox 1165 3495 1254 3564; x_wconf 86' lang='lat' dir='ltr'>Hinc</span> <span class='ocrx_word' id='word_1_224' title='bbox 1278 3515 1440 3570; x_wconf 82' lang='lat' dir='ltr'>mouens.</span> <span class='ocrx_word' id='word_1_225' title='bbox 1466 3487 1661 3562; x_wconf 79' lang='lat' dir='ltr'>Philomelio</span> <span class='ocrx_word' id='word_1_226' title='bbox 1685 3499 1771 3594; x_wconf 90' lang='lat' dir='ltr'>cepit</span> <span class='ocrx_word' id='word_1_227' title='bbox 1783 3485 1908 3566; x_wconf 85' lang='lat' dir='ltr'>incursu</span> 
     </span>
     <span class='ocr_line' id='line_1_28' title="bbox 637 3585 1908 3693; baseline -0.001 -31"><span class='ocrx_word' id='word_1_228' title='bbox 637 3597 756 3690; x_wconf 88' lang='lat' dir='ltr'>primo.</span> <span class='ocrx_word' id='word_1_229' title='bbox 806 3589 886 3664; x_wconf 88' lang='lat' dir='ltr'>lude</span> <span class='ocrx_word' id='word_1_230' title='bbox 910 3585 1106 3690; x_wconf 86' lang='lat' dir='ltr'>dispertitum</span> <span class='ocrx_word' id='word_1_231' title='bbox 1133 3600 1309 3668; x_wconf 86' lang='lat' dir='ltr'>exercinuu</span> <span class='ocrx_word' id='word_1_232' title='bbox 1335 3601 1371 3665; x_wconf 89' lang='lat' dir='ltr'>in</span> <span class='ocrx_word' id='word_1_233' title='bbox 1396 3617 1510 3666; x_wconf 87' lang='lat' dir='ltr'>manus</span> <span class='ocrx_word' id='word_1_234' title='bbox 1547 3590 1655 3688; x_wconf 88' lang='lat' dir='ltr'>plures</span> <span class='ocrx_word' id='word_1_235' title='bbox 1671 3643 1686 3674; x_wconf 58' lang='lat'><em>2</em></span> <span class='ocrx_word' id='word_1_236' title='bbox 1723 3589 1908 3693; x_wconf 78' lang='lat' dir='ltr'>praepofitis</span> 
     </span>
     <span class='ocr_line' id='line_1_29' title="bbox 637 3689 1912 3792; baseline 0.004 -29"><span class='ocrx_word' id='word_1_237' title='bbox 637 3697 753 3790; x_wconf 78' lang='lat' dir='ltr'>eurique</span> <span class='ocrx_word' id='word_1_238' title='bbox 768 3689 928 3790; x_wconf 82' lang='lat' dir='ltr'>generosis</span> <span class='ocrx_word' id='word_1_239' title='bbox 953 3693 1108 3776; x_wconf 75' lang='lat' dir='ltr'>ducibus.</span> <span class='ocrx_word' id='word_1_240' title='bbox 1134 3697 1165 3764; x_wconf 89' lang='lat' dir='ltr'>in</span> <span class='ocrx_word' id='word_1_241' title='bbox 1191 3701 1279 3767; x_wconf 90' lang='lat' dir='ltr'>vicos</span> <span class='ocrx_word' id='word_1_242' title='bbox 1306 3718 1420 3766; x_wconf 89' lang='lat' dir='ltr'>omnes</span> <span class='ocrx_word' id='word_1_243' title='bbox 1446 3712 1543 3790; x_wconf 88' lang='lat' dir='ltr'>atque</span> <span class='ocrx_word' id='word_1_244' title='bbox 1565 3689 1688 3792; x_wconf 86' lang='lat' dir='ltr'>oppida</span> <span class='ocrx_word' id='word_1_245' title='bbox 1711 3701 1912 3790; x_wconf 79' lang='lat' dir='ltr'>lcouio&#39;pet¹</span> 
     </span>
     <span class='ocr_line' id='line_1_30' title="bbox 639 3790 1909 3879; baseline 0.003 -17"><span class='ocrx_word' id='word_1_246' title='bbox 639 3798 807 3863; x_wconf 82' lang='lat' dir='ltr'>circuitum</span> <span class='ocrx_word' id='word_1_247' title='bbox 834 3799 935 3864; x_wconf 88' lang='lat' dir='ltr'>viciua</span> <span class='ocrx_word' id='word_1_248' title='bbox 959 3793 1074 3866; x_wconf 87' lang='lat' dir='ltr'>vadere</span> <span class='ocrx_word' id='word_1_249' title='bbox 1100 3790 1252 3878; x_wconf 79' lang='lat' dir='ltr'>infestos,</span> <span class='ocrx_word' id='word_1_250' title='bbox 1280 3819 1346 3866; x_wconf 83' lang='lat' dir='ltr'>vno</span> <span class='ocrx_word' id='word_1_251' title='bbox 1372 3791 1468 3866; x_wconf 85' lang='lat' dir='ltr'>fimul</span> <span class='ocrx_word' id='word_1_252' title='bbox 1492 3817 1610 3864; x_wconf 86' lang='lat' dir='ltr'>omues</span> <span class='ocrx_word' id='word_1_253' title='bbox 1641 3813 1823 3879; x_wconf 80' lang='lat' dir='ltr'>temore,</span> <span class='ocrx_word' id='word_1_254' title='bbox 1849 3799 1909 3866; x_wconf 85' lang='lat' dir='ltr'>im·</span> 
     </span>
     <span class='ocr_line' id='line_1_31' title="bbox 637 3823 1909 3993; baseline 0.002 -31"><span class='ocrx_word' id='word_1_255' title='bbox 637 3912 751 3992; x_wconf 79' lang='lat' dir='ltr'>perat,</span> <span class='ocrx_word' id='word_1_256' title='bbox 777 3891 1023 3992; x_wconf 79' lang='lat' dir='ltr'>depraedatique</span> <span class='ocrx_word' id='word_1_257' title='bbox 1048 3921 1084 3965; x_wconf 87' lang='lat' dir='ltr'>ac</span> <span class='ocrx_word' id='word_1_258' title='bbox 1111 3895 1230 3968; x_wconf 84' lang='lat' dir='ltr'>vallare</span> <span class='ocrx_word' id='word_1_259' title='bbox 1262 3897 1374 3966; x_wconf 89' lang='lat' dir='ltr'>omnia</span> <span class='ocrx_word' id='word_1_260' title='bbox 1399 3895 1610 3993; x_wconf 85' lang='lat' dir='ltr'>captiuosque</span> <span class='ocrx_word' id='word_1_261' title='bbox 1632 3823 1816 3993; x_wconf 76' lang='lat' dir='ltr'>praelertim</span> <span class='ocrx_word' id='word_1_262' title='bbox 1843 3897 1909 3967; x_wconf 87' lang='lat' dir='ltr'>bar-</span> 
     </span>
    </p>

    <p class='ocr_par' dir='ltr' id='par_1_8' title="bbox 611 3991 1912 4270">
     <span class='ocr_line' id='line_1_32' title="bbox 611 3991 1910 4094; baseline -0.002 -26"><span class='ocrx_word' id='word_1_263' title='bbox 611 3995 792 4068; x_wconf 78' lang='lat' dir='ltr'>¹batorum</span> <span class='ocrx_word' id='word_1_264' title='bbox 818 3991 996 4066; x_wconf 77' lang='lat' dir='ltr'>infidelium</span> <span class='ocrx_word' id='word_1_265' title='bbox 1025 4015 1217 4092; x_wconf 83' lang='lat' dir='ltr'>extorquere</span> <span class='ocrx_word' id='word_1_266' title='bbox 1241 3997 1396 4068; x_wconf 85' lang='lat' dir='ltr'>manibus.</span> <span class='ocrx_word' id='word_1_267' title='bbox 1445 3993 1515 4083; x_wconf 86' lang='lat' dir='ltr'>Illi,</span> <span class='ocrx_word' id='word_1_268' title='bbox 1540 3996 1676 4066; x_wconf 89' lang='lat' dir='ltr'>leonum</span> <span class='ocrx_word' id='word_1_269' title='bbox 1716 4003 1780 4070; x_wconf 89' lang='lat' dir='ltr'>ritu</span> <span class='ocrx_word' id='word_1_270' title='bbox 1814 4017 1910 4094; x_wconf 86' lang='lat' dir='ltr'>atque</span> 
     </span>
     <span class='ocr_line' id='line_1_33' title="bbox 639 4089 1909 4198; baseline 0.002 -32"><span class='ocrx_word' id='word_1_271' title='bbox 639 4099 787 4194; x_wconf 84' lang='lat' dir='ltr'>impetu,</span> <span class='ocrx_word' id='word_1_272' title='bbox 812 4119 870 4193; x_wconf 87' lang='lat' dir='ltr'>per</span> <span class='ocrx_word' id='word_1_273' title='bbox 894 4114 1013 4168; x_wconf 85' lang='lat' dir='ltr'>turmas</span> <span class='ocrx_word' id='word_1_274' title='bbox 1039 4097 1286 4198; x_wconf 84' lang='lat' dir='ltr'>manipulosque</span> <span class='ocrx_word' id='word_1_275' title='bbox 1311 4091 1575 4198; x_wconf 82' lang='lat' dir='ltr'>quoquouersum</span> <span class='ocrx_word' id='word_1_276' title='bbox 1597 4089 1719 4196; x_wconf 78' lang='lat' dir='ltr'>sparh,</span> <span class='ocrx_word' id='word_1_277' title='bbox 1742 4093 1786 4170; x_wconf 84' lang='lat' dir='ltr'>ed</span> <span class='ocrx_word' id='word_1_278' title='bbox 1808 4101 1909 4194; x_wconf 87' lang='lat' dir='ltr'>impe·</span> 
     </span>
     <span class='ocr_line' id='line_1_34' title="bbox 1826 4218 1912 4270; baseline 0.023 -2"><span class='ocrx_word' id='word_1_279' title='bbox 1826 4218 1912 4270; x_wconf 81' lang='lat' dir='ltr'>tato·</span> 
     </span>
    </p>
   </div>
   <div class='ocr_carea' id='block_1_6' title="bbox 643 4361 1998 4655">
    <p class='ocr_par' dir='ltr' id='par_1_9' title="bbox 643 4361 1998 4655">
     <span class='ocr_line' id='line_1_35' title="bbox 683 4361 1998 4481; baseline 0.007 -33"><span class='ocrx_word' id='word_1_280' title='bbox 683 4389 727 4479; x_wconf 71' lang='lat' dir='ltr'>q)</span> <span class='ocrx_word' id='word_1_281' title='bbox 755 4386 1130 4466; x_wconf 64' lang='lat' dir='ltr'>lsseaetwshhxmwu</span> <span class='ocrx_word' id='word_1_282' title='bbox 1154 4397 1257 4460; x_wconf 83' lang='lat' dir='ltr'>Fresne</span> <span class='ocrx_word' id='word_1_283' title='bbox 1345 4407 1390 4468; x_wconf 84' lang='lat' dir='ltr'>r)</span> <span class='ocrx_word' id='word_1_284' title='bbox 1413 4399 1460 4458; x_wconf 89' lang='lat' dir='ltr'>Du</span> <span class='ocrx_word' id='word_1_285' title='bbox 1490 4393 1593 4458; x_wconf 87' lang='lat' dir='ltr'>Fresne</span> <span class='ocrx_word' id='word_1_286' title='bbox 1617 4391 1635 4458; x_wconf 94' lang='lat' dir='ltr'>l.</span> <span class='ocrx_word' id='word_1_287' title='bbox 1660 4415 1687 4454; x_wconf 83' lang='lat' dir='ltr'>r.</span> <span class='ocrx_word' id='word_1_288' title='bbox 1704 4443 1726 4476; x_wconf 89' lang='lat'>‚,</span> <span class='ocrx_word' id='word_1_289' title='bbox 1759 4395 1908 4481; x_wconf 82' lang='lat' dir='ltr'>Oppidum</span> <span class='ocrx_word' id='word_1_290' title='bbox 1994 4361 1998 4367; x_wconf 26' lang='lat'><strong>¹</strong></span> 
     </span>
     <span class='ocr_line' id='line_1_36' title="bbox 643 4477 1908 4566; baseline 0.003 -26"><span class='ocrx_word' id='word_1_291' title='bbox 643 4497 672 4562; x_wconf 70' lang='lat' dir='ltr'>p.</span> <span class='ocrx_word' id='word_1_292' title='bbox 702 4499 763 4554; x_wconf 82' lang='lat'>414·</span> <span class='ocrx_word' id='word_1_293' title='bbox 782 4527 803 4558; x_wconf 85' lang='lat'>,‚</span> <span class='ocrx_word' id='word_1_294' title='bbox 828 4477 953 4542; x_wconf 78' lang='lat' dir='ltr'>hlislreel</span> <span class='ocrx_word' id='word_1_295' title='bbox 977 4481 1144 4560; x_wconf 82' lang='lat' dir='ltr'>Baliliue‚,.</span> <span class='ocrx_word' id='word_1_296' title='bbox 1305 4481 1378 4544; x_wconf 87' lang='lat' dir='ltr'>olim</span> <span class='ocrx_word' id='word_1_297' title='bbox 1404 4482 1738 4566; x_wconf 49' lang='lat' dir='ltr'>Dipotamusdifhum,</span> <span class='ocrx_word' id='word_1_298' title='bbox 1767 4486 1908 4566; x_wconf 73' lang='lat' dir='ltr'>quodsi!</span> 
     </span>
     <span class='ocr_line' id='line_1_37' title="bbox 1303 4567 1908 4655; baseline 0 -25"><span class='ocrx_word' id='word_1_299' title='bbox 1303 4570 1426 4650; x_wconf 74' lang='lat' dir='ltr'>Phrygia</span> <span class='ocrx_word' id='word_1_300' title='bbox 1451 4572 1584 4634; x_wconf 81' lang='lat' dir='ltr'>statuitur</span> <span class='ocrx_word' id='word_1_301' title='bbox 1605 4590 1623 4632; x_wconf 80' lang='lat' dir='ltr'>a</span> <span class='ocrx_word' id='word_1_302' title='bbox 1645 4567 1766 4641; x_wconf 74' lang='lat' dir='ltr'>stylitae</span> <span class='ocrx_word' id='word_1_303' title='bbox 1794 4591 1824 4655; x_wconf 90' lang='lat' dir='ltr'>p.</span> <span class='ocrx_word' id='word_1_304' title='bbox 1850 4579 1908 4640; x_wconf 82' lang='lat' dir='ltr'>⁶tt·</span> 
     </span>
    </p>
   </div>
   <div class='ocr_carea' id='block_1_7' title="bbox 0 0 2083 5732">
    <p class='ocr_par' dir='ltr' id='par_1_10' title="bbox 0 0 2083 5732">
     <span class='ocr_line' id='line_1_38' title="bbox 0 0 2083 5732; baseline 0 0"><span class='ocrx_word' id='word_1_305' title='bbox 0 0 2083 5732; x_wconf 95' lang='lat' dir='ltr'> </span> 
     </span>
    </p>
   </div>
  </div>
 </body>
</html>
