4110 5742
597 573 815 654 natur
847 577 932 654 nn
1360 613 1419 684 ῃ,

1285 693 1288 700 ’
1394 770 1396 775 .
1431 691 1511 776 [rep.
1538 707 1629 764 aua.

677 799 706 850 a.
733 775 776 850 C.
804 781 877 868 1152.
1429 793 1548 842 tavare

180 919 213 998 '‚
239 909 294 988 ehi
316 909 488 984 neminem
511 927 554 982 ex
579 906 730 1000 omnibue
753 931 832 984 nrm
860 912 1058 1006 imperatore
1082 911 1127 986 ed
1160 929 1322 990 certamen
1361 909 1416 988 de·
1430 860 1535 932 cm·

134 941 500 1112 &ndermperspeniti
518 1015 565 1082 ira
588 999 823 1092 efferitatem,
847 1030 976 1108 arrepto
1000 1007 1042 1088 de
1065 1039 1111 1114 po
1138 1013 1227 1088 ularis
1247 1011 1415 1093 cuiusdam

137 1117 287 1193 manibus
311 1108 445 1213 gladio,
472 1107 513 1182 ad
538 1137 617 1198 eum
632 1111 888 1210 percutiendum
913 1113 1012 1186 irruit.
1060 1041 1134 1190 sel
1148 1119 1297 1216 princeps
1322 1121 1416 1187 crini.

137 1220 197 1292 hue
225 1208 420 1316 pieheulum
442 1212 625 1288 hominem.
642 1213 758 1292 treme,
784 1231 880 1310 atque
905 1238 968 1284 vna
993 1241 1069 1288 cum
1094 1217 1191 1290 trihus
1215 1215 1309 1298 aliie,
1339 1219 1415 1288 viria

140 1324 243 1393 etiam
269 1315 501 1414 magnanimis,
528 1311 668 1386 abduxit.
717 1307 754 1382 ld
777 1312 829 1384 vbi
855 1309 1004 1388 videumt
1027 1321 1166 1402 caeteri,
1196 1343 1257 1390 nec
1288 1313 1319 1390 se
1351 1312 1416 1392 elle

141 1413 320 1492 relillendo
341 1439 449 1512 pares,
473 1408 587 1518 lugam
613 1401 783 1486 confestim
809 1417 918 1488 iniere.
965 1413 1020 1488 ille
1061 1439 1168 1494 autern
1206 1445 1283 1492 cum
1324 1413 1417 1488 dictis

143 1521 280 1617 erptiam
302 1519 331 1586 in
356 1513 451 1596 castra
473 1510 615 1602 reuersus
640 1511 709 1600 elit
735 1538 878 1614 curruque
909 1515 1056 1597 hiemem
1095 1523 1290 1604 eoertitnum
1327 1513 1416 1592 vide·

143 1639 195 1696 ret
217 1622 342 1694 iamiam
365 1617 559 1702 imminere,
584 1615 780 1713 Byzantium
804 1611 908 1692 rediit.

720 1815 752 1915 i
777 1819 851 1912 θοὰ

238 1995 304 2074 Sed
329 2019 414 2098 mox
439 2001 473 2072 in
497 1991 660 2098 oppidum
683 1997 762 2076 illud
787 1997 961 2094 Bithyniae
985 2001 1159 2096 peruenit,
1189 1997 1281 2098 quod
1314 1997 1415 2076 dedu.

140 2103 197 2178 tiis
218 2099 414 2174 Philomelio
439 2101 600 2174 Romanu
625 2105 757 2201 captiuis
782 2095 1026 2174 inhabitandum
1042 2095 1258 2178 conmiserat,
1283 2105 1335 2174 eui
1349 2105 1413 2198 Py·

140 2202 190 2276 lae
212 2226 336 2273 nomen
362 2201 405 2274 ὓ).
456 2200 505 2272 lbi
526 2205 617 2272 euim
644 2223 829 2282 conuenere
853 2198 937 2274 milst
961 2199 1001 2272 ab
1026 2197 1159 2274 Stdtano
1171 2198 1288 2300 legati,
1315 2227 1411 2301 quoe.

138 2323 173 2380 et
194 2301 273 2374 nihil
296 2297 365 2372 sani
389 2301 429 2374 ab
452 2305 489 2374 iit
513 2295 629 2378 adferri
655 2300 756 2384 vidit,
781 2299 922 2376 domum
952 2295 1074 2374 remilit
1099 2350 1111 2383 ‚
1135 2297 1247 2372 additia
1279 2306 1373 2376 miuit
1397 2353 1411 2390 ‚

136 2400 192 2479 nili
217 2397 362 2475 lacerent
386 2427 447 2484 ea,
476 2424 558 2502 quae
581 2397 648 2500 ipse
672 2401 792 2496 uellet,
818 2405 906 2476 breui
930 2405 1108 2501 equitatum
1133 2403 1322 2474 Romanum
1362 2407 1411 2476 in.

137 2497 334 2582 etuiamrum
359 2501 489 2576 illorum
514 2525 631 2602 agros,
656 2525 689 2578 et
711 2501 817 2580 multo
842 2500 1006 2586 hostilius,
1030 2525 1130 2602 quam
1152 2527 1263 2586 nuuc,
1295 2507 1412 2577 omnia

137 2605 418 2705 depopulaturum
471 2607 558 2676 inter
582 2630 664 2700 quos
679 2597 886 2706 ⁸aliquamdiu
922 2606 1143 2685 immoratur,
1177 2600 1254 2676 inde
1283 2608 1408 2678 traiecit

135 2701 369 2806 (transfretans
395 2707 550 2782 nimirum
575 2699 748 2778 substiterat
773 2709 808 2778 i'n
832 2707 1001 2798 regione,
1035 2721 1136 2805 quam
1169 2704 1316 2779 Ritzium
1349 2729 1409 2776 ro·

135 2831 207 2888 eant
231 2805 431 2906 indigenae)
456 2827 551 2906 atque
584 2809 621 2878 in
656 2799 823 2892 ¹uduerl'am
843 2809 965 2906 ripam
998 2796 1151 2878 emuliuiti
1199 2799 1289 2878 Hinc
1319 2797 1412 2876 fallo
1481 2881 1482 2884 ,

131 2937 192 3012 per
218 2911 393 2996 maritinae
418 2905 718 2993 ciuitatet'itinere3
742 2911 893 3008 peruenit
911 2904 1192 3006 Philadelphum,
1218 2923 1260 2978 ex
1310 2927 1411 3005 qua,

132 3013 229 3087 rebus
256 3009 403 3082 omnibus
426 3011 487 3080 n'te
510 3011 727 3108 comparatio,
750 3005 915 3086 Perlidem
940 3003 1062 3081 inualit.

219 3195 365 3288 ‘interea
379 3185 613 3290 proficiscentes
638 3215 698 3292 per
721 3188 880 3285 Doryleei
897 3213 1040 3290 eampos
1068 3186 1164 3290 legati
1187 3237 1198 3271 ‚
1230 3187 1409 3285 imperato·
1494 3251 1496 3256 ,

134 3317 205 3366 rem
228 3297 262 3364 in
289 3311 385 3390 agros
408 3285 481 3366 suos
503 3295 716 3391 irruptionem
740 3288 849 3364 lecill'e
872 3287 1001 3389 prorsus
1027 3295 1151 3388 ignari,
1177 3285 1269 3366 iilum
1294 3289 1329 3359 iu
1361 3293 1410 3362 vi·

137 3398 213 3465 cinis
236 3395 398 3486 Byzantio
424 3391 559 3490 praediis
584 3390 696 3466 versari
730 3391 941 3468 affirmabant.
989 3388 1088 3463 Vnde
1127 3416 1203 3462 cum
1236 3391 1410 3464 Romano·

135 3519 210 3568 rum
234 3491 376 3591 undique
401 3497 603 3564 nunciaretur
627 3497 793 3592 irruptio,
832 3515 903 3568 rem
942 3498 1051 3588 primo
1089 3487 1308 3564 incredibilem
1345 3484 1411 3564 ellit

134 3599 272 3668 omnino
299 3588 611 3692 credebantPersae.
661 3590 726 3666 S'ed
751 3595 803 3668 vbi
828 3619 846 3664 a
871 3592 1015 3693 plurimis
1041 3585 1230 3688 conlpedloa
1260 3585 1328 3662 elle
1362 3594 1409 3662 in·

133 3695 349 3776 tellexerunt‚
374 3713 446 3766 tum
472 3719 550 3768 vero
575 3689 760 3767 fellinarun't
791 3711 868 3766 ‘cum
902 3683 1055 3766 uniuer'lis
1088 3695 1189 3790 copiis
1228 3697 1409 3766 occurrere.

132 3797 228 3872 Nulla
252 3801 343 3869 enim
369 3819 406 3866 re
431 3793 490 3865 alia
513 3817 614 3892 aeque
637 3811 867 3868 commonetur
890 3795 1058 3879 barbarus,
1083 3819 1121 3864 ac
1145 3785 1271 3864 litorum
1294 3817 1408 3870 rerum

133 3917 164 3970 et
191 3893 427 3996 polleffionum
451 3892 625 3968 amilltoue.
673 3903 854 3996 Imperator
902 3917 1040 3976 autem,
1071 3890 1320 3992 haudquaquam
1352 3891 1408 3964 ad.

133 3993 208 4072 huc'
222 3993 302 4069 scire
330 3989 439 4068 Persas
466 4021 546 4094 quae
571 4024 588 4068 a
613 3997 765 4074 oboritur,
791 4017 902 4082 tatus,
935 3993 1059 4094 aliquot
1087 3997 1318 4068 Romanorum
1353 4017 1409 4066 co·

133 4103 198 4199 pias
224 4095 266 4172 ad
291 4092 452 4199 praedam
478 4093 558 4171 facie
605 4121 668 4176 am·
684 4102 880 4202 praemittit,
905 4091 1034 4200 ipseque
1059 4121 1079 4170 a
1102 4115 1197 4198 tergo
1222 4117 1300 4174 cum
1330 4118 1409 4210 patt-

422 4261 427 4269 .
1349 4218 1406 4269 etr

169 4401 568 4494 infirmatum,
648 4473 700 4490 Ι,
835 4475 841 4485 ‚
1076 4475 1079 4485 ,

130 4505 564 4612 temnerent.
737 4511 920 4588 ve·
1065 4511 1067 4518 '
