4110 5742
606 633 680 710 CA
694 635 718 710 Ρ
731 639 762 712 V
775 633 814 712 Τ
862 641 981 720 XVIII.
1385 679 1440 748 317

611 807 616 818 „
1451 753 1533 838 Imp.
1555 757 1655 824 'uuna

632 859 659 908 o
685 839 724 910 C.
750 859 972 930 1141-1144.
1453 855 1571 906 uvam

152 949 228 1044 glus
249 937 398 1060 aburbe
420 935 607 1043 insequendi
633 947 730 1022 ardor
755 949 954 1050 abn'puillet:
978 973 1013 1028 vt
1027 973 1070 1037 et
1094 977 1257 1059 quotquot
1285 961 1359 1060 poll
1397 969 1439 1036 cl-
1454 924 1560 994 cm

151 1052 310 1128 uitatem,
343 1061 387 1114 vti
413 1063 634 1122 memoratum
661 1049 731 1140 est,
756 1056 791 1126 in
816 1051 931 1128 declini
957 1055 1112 1132 steterant.
1164 1059 1202 1137 ld
1228 1057 1324 1134 limul
1349 1089 1437 1138 acce-

153 1153 206 1246 pit
230 1141 387 1226 Manucl‚
411 1166 542 1244 partem
567 1153 766 1248 copiarum,
794 1176 910 1251 quauta
948 1157 1052 1256 potell
1094 1159 1275 1246 celeritate,
1302 1169 1433 1238 mittit.

155 1248 272 1345 quibus
298 1243 495 1344 praepolitua
519 1241 582 1321 fuit
605 1255 708 1344 Pyrro
733 1258 882 1352 congius,
908 1262 956 1330 vir
982 1261 1125 1334 maxime
1149 1261 1348 1348 industrius,
1376 1271 1433 1364 qui

155 1343 373 1446 postmodum
395 1351 567 1445 primicerii
592 1351 681 1424 aulae
707 1279 860 1452 dignitate
886 1361 996 1432 audino
1021 1359 1090 1452 est,
1117 1383 1149 1434 et
1163 1367 1361 1464 Chumpus,
1386 1371 1433 1438 in-

156 1467 209 1518 ter
234 1445 388 1517 minillror
410 1453 635 1548 imperatoris,
665 1458 721 1550 qui
744 1481 762 1524 a
786 1479 929 1552 purpura
955 1459 1045 1542 lunt,
1075 1461 1212 1538 allectus.
1260 1467 1321 1540 Illis
1354 1465 1428 1539 licet

156 1544 402 1624 adiuuandbna,
441 1549 544 1620 nihilo
569 1545 668 1624 secius
693 1550 819 1626 rursum
844 1561 1052 1633 conturbatur
1083 1561 1201 1638 acies(
1221 1571 1264 1636 At
1295 1573 1432 1665 impera

158 1672 219 1720 ror
242 1651 348 1718 animo
372 1643 654 1748 perspicaciffimus
680 1659 770 1726 etin
802 1656 895 1730 rebus
925 1659 1149 1760 inuestigandis
1181 1658 1432 1752 Iolertillimua,

159 1745 291 1824 confilio
313 1751 441 1846 potius,
467 1771 567 1850 quam
593 1757 713 1836 armis,
738 1781 808 1828 rem
834 1777 906 1830 nrm
933 1787 1027 1862 egere
1046 1761 1298 1853 animaduertit,
1332 1767 1433 1842 aduo-

158 1869 227 1922 cato
251 1852 347 1948 igitur
373 1845 503 1922 cuidam
530 1854 746 1938 militibus,
775 1861 915 1930 nomine
940 1869 1198 1962 BempitzIotae‚
1225 1873 1280 1966 qui
1315 1867 1432 1942 Adria-

259 1955 266 1967 .
335 1953 341 1965 .
552 1967 570 2004 n
640 1959 646 1972 .
1043 1970 1049 1982 .
1364 1977 1370 1990 .

147 1947 743 2128 l⁰l⁰illllllllnltl¹ll
759 1955 1430 2164 lllffiffll‘qll‘illlllll

145 2177 266 2250 magna
292 2175 353 2249 per
377 2155 555 2224 exercitum
582 2180 664 2228 voce
695 2155 917 2254 proclamaret.
971 2163 1010 2235 ld
1045 2165 1271 2266 strategematis
1303 2169 1427 2244 Romal

144 2277 265 2324 norum
291 2269 401 2324 extem
425 2252 460 2325 lo
492 2245 665 2328 subleuauit
691 2263 844 2341 animos,
869 2266 1003 2363 vimque
1045 2267 1187 2342 hollium
1219 2272 1319 2345 acrius
1355 2268 1428 2346 inli-

142 2351 294 2428 nentium
324 2279 505 2428 retutlit.··
528 2358 574 2430 At
600 2353 768 2432 deficiente
794 2357 870 2446 die,
896 2364 938 2436 ibi
971 2369 1210 2468 pernodlatunn

607 2717 612 2724 ¹
686 2655 691 2664 -
745 2595 775 2694 l·
800 2621 873 2698 m·

613 2744 642 2794 a.
670 2725 709 2798 C.
737 2745 964 2818 1144-1149.

244 2853 329 2932 inde
355 2857 585 2958 [imperator]
608 2853 776 2956 profedlus
801 2857 1091 2964 Iconinm‚quod
1117 2860 1170 2935 vbi
1197 2855 1340 2960 undique
1366 2883 1421 2934 ex·
1534 2901 1538 2916 ·

137 2955 307 3058 plorauit,
330 2963 472 3060 viditque
499 2959 584 3034 aditu
609 2957 695 3030 haud
723 2957 838 3044 facile,
863 2985 997 3034 minore
1031 2959 1153 3034 adhaec
1184 2955 1420 3052 increbescenre
1451 3045 1457 3056 ι

135 3055 273 3142 indies,
299 3059 467 3137 occidentis
493 3057 658 3162 populos,
684 3066 792 3160 patriis
818 3065 939 3134 excitos
964 3057 1117 3144 sedibus,
1150 3065 1273 3160 ingenti
1312 3057 1418 3131 multi·

134 3155 254 3230 tudine
277 3157 318 3230 ad
341 3159 418 3234 lines
440 3165 670 3236 Romanorum
698 3159 920 3250 contendere,
951 3161 990 3232 ab
1016 3187 1058 3234 eo
1081 3155 1305 3260 oppugnando
1325 3157 1417 3232 delli-¹

134 3265 180 3331 tit.
231 3262 408 3362 Tempore
430 3283 591 3362 praeterea
619 3267 764 3340 maiore,
789 3261 954 3362 longeque
992 3261 1055 3334 alio
1096 3281 1282 3361 apparatu,
1314 3281 1414 3360 quam

133 3363 194 3530 qui
217 3359 346 3446 aderat,
372 3375 454 3464 op'us
479 3361 536 3437 libi
562 3361 636 3437 fore
661 3361 941 3448 mimaduenens‚
968 3363 1070 3435 obuiis
1096 3363 1276 3462 quibusque
1306 3365 1415 3433 incen-

148 3483 174 3532 is
199 3481 230 3534 et
251 3460 406 3562 perditis,
431 3463 564 3539 recellit.

233 3600 351 3676 Ferurit
375 3625 447 3676 tum
473 3604 622 3678 militibus
648 3605 807 3678 Romanis
832 3597 930 3678 foede
961 3627 999 3674 ac
1034 3598 1268 3678 contumeliose
1308 3599 1411 3678 Persa·

130 3722 203 3772 rum
254 3699 334 3776 olita
360 3709 448 3780 iuxta
475 3709 591 3784 vrbem·
614 3701 757 3804 sepulcra
782 3704 1008 3800 tradlanribus,
1032 3729 1188 3778 necnon
1214 3731 1253 3776 ex
1280 3709 1314 3774 iis
1327 3705 1410 3778 mul·

17 3881 19 3888 y
129 3816 159 3871 ta
181 3727 410 3880 reliidientibut
437 3807 617 3881 cadauera.
647 3809 830 3904 principem
858 3831 898 3877 eo
930 3803 1109 3878 difficilium
1136 3825 1323 3902 temporum
1337 3831 1411 3894 rno-¹

126 3923 236 3976 mento
261 3911 533 4005 magnanimitatis
559 3933 629 3980 non
657 3905 795 3998 oblitum
826 3901 926 3984 suae,
958 3904 1126 3976 inuiolatus
1160 3925 1195 3978 vt
1235 3900 1410 3980 seruaretur

126 4009 230 4083 matria
255 4006 380 4079 Sulrani
405 4014 503 4086 ninia,
532 4001 747 4107 praecepisse,
775 4001 973 4103 dumque,
1000 4005 1063 4078 Vel
1089 4009 1262 4078 miniumm
1288 4001 1409 4103 sapien.

126 4103 443 4190 adnumerandam
471 4107 532 4184 effe
558 4107 758 4196 nobilitatem
785 4101 957 4178 infelicem.
1006 4108 1142 4207 Scriptaa
1176 4110 1281 4205 itaque
1315 4104 1406 4178 ‘offi-

126 4197 219 4286 notin
243 4203 431 4284 admodum
456 4213 487 4275 ⁰)
513 4208 629 4282 litteras
654 4203 695 4278 ad
730 4205 851 4280 Sultani
887 4208 1064 4306 coniugem
1095 4207 1226 4291 mittit,
1255 4209 1289 4276 in
1319 4209 1406 4378 hpnc

686 4309 762 4382 Rr
810 4329 829 4395 3
1351 4333 1406 4380 en·

156 4489 202 4568 u)
225 4448 444 4567 Bapcneedturur
467 4514 520 4566 μη
549 4460 735 4568 iaeinmlnpa·
800 4540 804 4548 .
830 4497 872 4565 ο)
895 4485 927 4552 e’o
941 4493 1036 4574 ‚uallo
1058 4482 1186 4568 &pudent
1211 4485 1259 4546 air·

121 4593 157 4632 m
179 4584 289 4638 norm
310 4573 338 4637 Iu
363 4573 520 4658 tippnparan
543 4574 670 4658 utputa.
