4026 5738
679 521 743 592 tt·
881 543 883 555 ι
1106 493 1546 596 VNGRICORVM

419 588 536 682 'Imp
592 611 649 658 nv
743 611 750 624 ¹
804 689 810 700 ι

316 715 340 760 Q
451 697 645 840 ιΞὶΑΜΜΕΜ

1221 731 1250 778 a.
1274 708 1313 778 C.
1340 707 1461 814 ¹4⁶3&

677 893 766 977 upup-
783 887 815 942 et
840 857 1022 940 uniuersam
1047 863 1309 967 Peloponnesum
1332 863 1378 940 sui
1406 873 1479 944 iuris
1505 865 1590 940 fecit.
1626 869 1844 968 Trapezunrinn
1859 899 1890 948 re

776 967 930 1048 domuit,
956 969 1086 1066 eiusque
1110 975 1246 1068 regione
1278 973 1397 1068 potitur
1437 969 1490 1042 ell.
1541 973 1659 1042 Daciae
1697 971 1795 1044 ducem
1825 973 1890 1050 dedit

737 1077 881 1142 ricorum
909 1073 1079 1167 regionem
1108 1067 1222 1144 misere
1260 1069 1435 1150 etrallauit:
1470 1061 1650 1169 corumque
1683 1099 1799 1174 regern,
1819 1081 1892 1148 rirnn

668 1198 810 1271 aequum
836 1191 868 1242 et
893 1167 1103 1255 modestum,
1132 1178 1240 1270 cepit,
1265 1194 1296 1244 et
1322 1173 1451 1245 occidit.
1503 1175 1589 1242 Eum
1624 1177 1735 1269 igitur,
1758 1181 1802 1272 qui
1834 1177 1892 1246 breui

518 1269 524 1277 ’
579 1323 583 1336 ·
666 1271 847 1346 admodtnn
877 1291 1026 1368 ternpore
1053 1293 1102 1345 tot
1128 1279 1324 1372 principatus
1351 1294 1381 1344 et
1402 1269 1757 1374 potentatruderuolitu
1771 1274 1824 1356 ell,
1842 1274 1893 1374 quid

663 1399 766 1474 porro
794 1371 958 1446 sadlnrum
987 1373 1140 1448 creditis?
1168 1373 1265 1448 Haud
1292 1377 1389 1472 quieti
1416 1397 1449 1446 et
1474 1377 1618 1474 ignauiae
1633 1369 1662 1446 se
1675 1375 1893 1472 corrumpendum

664 1471 789 1556 tradet,
816 1497 931 1546 uerum
958 1469 1114 1548 finitimos
1140 1480 1236 1546 armis
1261 1496 1413 1572 appetet,
1439 1493 1624 1572 eorumque
1649 1479 1782 1573 regiones
1800 1472 1894 1547 suited·

664 1579 785 1676 iunget.
819 1573 911 1644 'Nec
937 1597 1048 1646 morae
1075 1573 1239 1648 nedlendo
1263 1573 1402 1648 sedebit:
1428 1603 1541 1647 verum
1570 1576 1653 1648 illico
1678 1581 1710 1646 in
1733 1577 1893 1648 finitimum.

664 1703 720 1752 ma
745 1675 885 1750 vibrabit.
939 1677 1041 1748 Nune
1068 1681 1165 1776 igitur
1191 1703 1254 1748 nec
1277 1675 1367 1750 uobis
1394 1675 1515 1747 bellum
1542 1696 1659 1774 parcet.
1709 1683 1785 1751 Nun
1805 1682 1892 1748 conrbi

665 1798 743 1852 tur.
767 1771 920 1850 vniuersu
947 1771 1005 1848 suis
1031 1783 1132 1875 copiis
1157 1777 1279 1856 fretus,
1306 1782 1341 1848 in
1367 1781 1539 1875 regionem
1566 1777 1700 1853 uellram
1724 1773 1895 1875 impetnnlt·

666 1875 767 1961 cere,
792 1896 824 1948 et
848 1902 890 1948 ex
916 1903 953 1950 ea
978 1880 1158 1950 hominum
1182 1879 1382 1976 aliartnnque
1407 1903 1516 1950 rernm
1543 1875 1675 1974 praedas
1710 1905 1814 1982 agere,
1839 1883 1893 1978 prin

567 2023 572 2038 ,
666 1985 753 2078 cipes
781 1973 901 2052 vellror
927 1977 1124 2078 turpissimae
1149 1985 1220 2054 neci
1247 1977 1373 2052 tradere
1399 1981 1484 2051 band
1512 1981 1719 2054 cundiabiuu.
1768 1985 1837 2052 Natu
1855 1978 1915 2050 ti'

665 2107 742 2159 mus
767 2083 833 2152 eius
858 2071 984 2177 semper
1008 2081 1053 2154 eil
1081 2071 1286 2180 implacabilis
1313 2107 1388 2180 erga
1415 2079 1542 2152 nollros
1569 2100 1603 2152 et
1630 2105 1703 2180 erga
1726 2105 1825 2164 omnes
1843 2107 1893 2158 eor.

665 2187 723 2284 qui
749 2175 945 2256 Christianae
972 2183 1121 2282 religioni
1146 2178 1359 2282 acquiescunt.
1411 2185 1574 2254 Praeterea
1598 2207 1714 2280 parurn
1727 2207 1848 2280 pacatum
1857 2182 1895 2250 ani

665 2311 760 2362 mum
786 2283 869 2384 gerit
900 2305 976 2381 erga
1002 2309 1103 2365 enm,
1128 2290 1182 2383 qui
1209 2277 1240 2354 se
1264 2281 1462 2356 beneuolum
1482 2285 1707 2382 etbenignum
1721 2277 1813 2356 offert.
1832 2277 1895 2354 Hrul

667 2389 758 2463 enim
786 2408 845 2458 voa
870 2389 1041 2480 praeterit,
1067 2383 1144 2483 qnid
1171 2382 1283 2459 fecerit
1307 2377 1517 2464 ‘Vladislao,
1541 2387 1681 2482 principi
1693 2383 1789 2458 vellro
1809 2383 1840 2454 fl.
1858 2387 1896 2452 Vr·

666 2513 742 2564 rum
769 2487 939 2558 enimuero
965 2491 1093 2559 reniam
1120 2489 1174 2559 hic
1209 2506 1353 2558 meretur
1390 2485 1547 2572 Turcur3
1572 2482 1731 2586 sequidem
1768 2477 1896 2560 l'ladissau

665 2596 702 2664 iu
727 2587 854 2688 proelio
878 2607 988 2684 captus
1013 2589 1140 2662 interiit.
1189 2583 1253 2661 Sed
1279 2582 1357 2688 quid
1382 2584 1458 2658 mali
1484 2581 1587 2688 pallus
1614 2585 1688 2678 ell,
1712 2605 1762 2660 aut
1784 2589 1897 2688 quamn·

666 2695 783 2766 iuriam
816 2693 939 2789 accepit
964 2689 1003 2762 ab
1027 2685 1177 2772 Dauide,
1202 2689 1419 2788 Trapezuntis
1443 2711 1546 2788 rege,
1570 2705 1604 2761 et
1632 2689 1673 2760 ab
1697 2689 1855 2782 lllyrionnu
1879 2699 1897 2754 et

662 2792 756 2870 Lesbi
783 2784 893 2868 duce,
917 2815 978 2862 nec
1004 2815 1075 2862 non
1100 2795 1140 2866 ab
1165 2791 1293 2891 reliquie
1307 2815 1423 2892 ,qnos
1456 2815 1572 2865 ornnes
1598 2787 1767 2863 crudeliter
1793 2787 1898 2863 necabis

666 2899 700 2970 Si
725 2895 822 2992 igitur
846 2893 1018 2965 contractis
1042 2899 1143 2998 copiis
1169 2896 1203 2964 in
1227 2896 1294 2966 eius
1318 2895 1489 2993 regionem
1516 2895 1690 2974 irrueritis,
1723 2907 1817 2966 ‘cette
1843 2888 1899 2958 brevi

579 3047 580 3062 t
667 2991 793 3172 spiritns
818 2993 883 3064 eiua
910 2989 1107 3083 genter-osor,
1131 3019 1213 3092 quos
1240 3013 1353 3066 contra
1379 2995 1582 3068 Pannoniam
1622 2997 1793 3092 concepit,
1826 3009 1900 3060 contu

692 3099 774 3170 eritis
799 3087 845 3164 ll.
893 3097 950 3168 Sin
976 3114 1085 3167 antem
1107 3099 1285 3196 patienter,
1312 3119 1395 3194 quae
1420 3100 1459 3171 ab
1483 3119 1561 3210 rege
1574 3090 1773 3177 inseruntur,
1796 3086 1900 3163 sulliuue

634 3279 636 3286 ,
666 3201 755 3278 ritis,
780 3191 1041 3296 transgredietur
1054 3199 1080 3266 is
1105 3193 1246 3272 uniuersi
1280 3200 1437 3270 exercitus
1474 3199 1594 3270 robore
1627 3193 1669 3269 ad
1699 3221 1764 3270 vor.
1806 3199 1900 3268 veen

563 3391 566 3398 ἱ
665 3295 777 3400 ‘quod
802 3289 828 3364 fi
854 3293 972 3374 deinde
994 3293 1091 3370 semel
1115 3299 1351 3380 aberreuetitis,
1376 3319 1420 3373 et·
1436 3325 1550 3401 pamm
1576 3292 1711 3373 feliciter
1735 3315 1833 3367 eonem
1852 3315 1901 3363 ean

666 3399 886 3504 pugnauerins
910 3395 965 3480 ῐ),
991 3413 1044 3474 ‘vt
1068 3405 1085 3482 [
1105 3403 1172 3496 ne]
1198 3393 1343 3476 emnerii
1369 3403 1536 3476 Pannonia
1559 3405 1594 3473 in
1617 3405 1686 3474 eius
1709 3395 1849 3476 ditionem
1873 3415 1903 3464 α·

669 3499 725 3576 dat
750 3499 818 3576 ω),
845 3523 876 3574 et
902 3527 963 3576 vos
987 3496 1199 3577 crudelissime
1226 3499 1394 3604 perdam„

777 3689 939 3778 Venetia,
966 3712 1044 3760 cum
1070 3683 1200 3760 dicendi
1227 3685 1329 3760 linem
1352 3677 1519 3761 fecissent,
1545 3685 1580 3756 in
1605 3683 1697 3758 hune
1722 3680 1848 3759 modurn
1875 3703 1904 3750 re

670 3783 802 3888 sponde
825 3793 1020 3863 Pannonum
1046 3813 1162 3872 text„
1188 3793 1259 3863 Viri
1284 3792 1426 3872 Veneti,
1450 3779 1525 3859 sane
1549 3787 1637 3860 reue
1663 3787 1785 3868 dicitis,
1800 3805 1834 3858 et
1849 3777 1905 3855 ride

671 3893 755 3969 mini
779 3893 815 3964 in
839 3891 984 3992 plurimis
1011 3887 1073 3968 effe
1098 3895 1157 3968 viri
1182 3919 1254 3968 non
1278 3885 1461 3986 admodum
1484 3885 1732 3990 imprudenter,
1755 3913 1812 3962 uec
1832 3881 1908 4052 subg

714 4191 1008 4386 slwssdrebm(
1019 4221 1065 4288 lte
1077 4221 1192 4308 semper
1203 4221 1289 4289 Chal·
1341 4245 1393 4291 m
1416 4223 1464 4282 lue
1487 4240 1585 4298 cerere
1610 4223 1737 4297 ἔσιμεν.)
1762 4213 1838 4298 e‘ppee
1857 4207 1906 4271 rien

674 4327 768 4370 toron
821 4313 882 4393 as)
913 4317 1040 4386 βασιλῆ
1075 4333 1204 4392 epeerpee
1242 4306 1290 4393 eip-
1340 4313 1367 4372 le
1389 4333 1440 4377 m
1460 4309 1601 4368 flumme.

674 4417 777 4474 3⁸⁹5oe-
1382 4401 1396 4466 Ι
1405 4423 1419 4472 p
1444 4401 1600 4467 σφιλητις
1621 4389 1715 4460 eleni„

715 4480 763 4570 ἃ)
786 4505 872 4560 *Ψ
894 4475 930 4544 ⁴3¹
953 4503 985 4545 τ’
1014 4478 1211 4564 &amedee
1241 4507 1291 4566 aar
1383 4478 1444 4562 er)
1464 4505 1560 4543 σαντ’*
1582 4473 1630 4542 2‘1’
1652 4482 1738 4556 'we
1760 4487 1867 4550 tumr
