4048 5742
595 605 672 696 ²5²,-
851 607 854 617 '
1042 597 1470 674 TVRCICORVM

1058 821 1087 870 a.
1111 801 1152 876 C.
1177 777 1393 888 arou-inu

499 1027 503 1032 Ι
594 929 669 1016 lusl
694 925 735 1002 ad
756 931 894 1003 l’areum
919 923 1117 1012 declinalse,
1150 950 1183 1004 et
1214 925 1374 1024 Abydum
1413 928 1454 1006 ad
1490 923 1742 1030 Hellespontum
1777 925 1865 1008 litam

595 1025 882 1131 praetergressum,
908 1054 966 1128 per
992 1037 1202 1126 Atramytum
1229 1055 1363 1130 quoque
1388 1054 1421 1105 et
1446 1031 1574 1106 Chliera
1606 1059 1681 1104 erun
1722 1049 1789 1104 tota
1820 1060 1865 1106 ca·

596 1128 993 1308 iiiioiisifflfimdme
1020 1151 1125 1207 tutum
1153 1151 1186 1205 et
1205 1151 1362 1268 pasatrun
1387 1132 1457 1208 fine
1481 1127 1655 1236 sanguine,
1678 1129 1747 1206 fine
1762 1157 1866 1235 pugna

1181 1331 1212 1428 §.
1238 1354 1300 1404 aar.

698 1455 761 1549 u)
784 1456 966 1551 Imperator
990 1455 1058 1527 hoo
1082 1453 1202 1530 indicio
1220 1472 1356 1552 accepto
1380 1452 1500 1546 litteras
1524 1449 1579 1526 dat
1603 1449 1645 1524 ad
1672 1455 1869 1546 Camytzen,

598 1577 676 1632 tunc
702 1552 821 1628 ducem
845 1555 1007 1636 Nicaeae,
1033 1559 1145 1655 quibus
1171 1559 1200 1627 ei
1226 1553 1420 1632 inundabat,
1457 1577 1491 1629 vt
1522 1554 1670 1637 barbaros
1705 1555 1796 1652 pone
1830 1547 1879 1624 se·v

597 1675 748 1757 queretur
773 1654 1027 1726 commilitibus
1053 1659 1255 1752 quingentis,
1282 1675 1335 1749 et,
1366 1654 1501 1754 quaeda
1526 1653 1600 1752 ipsis
1625 1653 1757 1728 haberet
1785 1679 1869 1724 com·

598 1777 710 1858 perta,
737 1750 908 1828 confestim
939 1753 1090 1830 indicaret
1114 1753 1170 1827 fibi
1198 1781 1255 1852 per
1281 1755 1396 1828 litteras
1407 1785 1420 1845 3
1447 1761 1556 1830 uitaret
1580 1775 1692 1828 autem
1724 1745 1869 1854 congres-

601 1855 674 1934 sum
699 1883 776 1930 curu
802 1857 946 1934 Tuscis,
971 1875 1004 1928 et
1028 1859 1177 1953 paucitati
1201 1849 1335 1936 suorum
1361 1883 1471 1955 pugna
1496 1853 1684 1927 declinanda
1720 1873 1870 1956 parceret.

601 1956 657 2036 nd
682 1959 751 2030 hoc
772 1959 948 2052 imperium
970 1955 1112 2055 egressus
1136 1955 1189 2028 iile
1214 1957 1357 2038 Nicaea,
1381 1962 1619 2057 Contogmen‚
1646 1963 1790 2030 Ameren
1803 1957 1874 2028 Mu·

602 2062 791 2132 ehumetem
815 2053 1019 2155 reliquosque
1051 2053 1183 2156 satrapas
1208 2051 1419 2152 deprehendit
1443 2066 1478 2132 iu
1500 2057 1579 2130 loco
1595 2105 1609 2136 ¹,
1635 2083 1733 2155 quern
1757 2055 1882 2130 uocant

599 2157 753 2240 Aurata,
775 2151 868 2254 quast
893 2153 977 2228 dicas
1000 2158 1128 2254 irruisti,
1151 2181 1214 2228 nec
1238 2153 1271 2228 se
1292 2177 1328 2229 te
1351 2163 1429 2242 uit,
1465 2165 1534 2246 cito
1579 2153 1728 2230 uidelicet
1761 2155 1874 2230 obiitus

602 2258 833 2336 mandatorum
856 2257 1017 2354 Augusti,
1042 2262 1121 2357 quin
1143 2255 1342 2356 confligeret
1364 2259 1459 2333 issico.
1506 2260 1611 2329 Turci
1627 2308 1638 2340 ,
1656 2264 1710 2356 qui
1724 2261 1875 2329 iamiam·

603 2388 667 2464 que
691 2355 879 2434 adfiaturum
902 2362 1137 2454 imperatorem
1162 2357 1473 2444 antemediderant,
1497 2360 1552 2431 ubi
1566 2355 1710 2432 uiuidum
1722 2355 1876 2430 eundem·

625 2489 668 2536 ue
689 2451 907 2560 'improuisum
932 2463 1098 2551 Caruytzis
1123 2463 1283 2557 impetum
1307 2455 1449 2542 sensere,
1483 2447 1576 2554 sacile
1607 2455 1772 2556 persuasi,
1810 2484 1876 2530 rent

599 2489 659 2642 &i
683 2557 746 2636 esse
769 2583 847 2632 num
870 2561 1068 2658 imperatore
1090 2576 1230 2659 totoque
1256 2567 1423 2646 exercitu,
1458 2579 1547 2661 terga
1566 2565 1666 2634 territi
1707 2577 1874 2634 verterunt.

701 2740 772 2820 Sed
797 2760 893 2840 capto
916 2759 997 2814 tune
1021 2743 1140 2840 Scyllia
1165 2740 1311 2843 quodam
1337 2771 1358 2817 e
1380 2743 1520 2826 noslris,
1546 2743 1623 2827 vbi,
1658 2767 1701 2816 ex
1730 2767 1775 2816 eo
1811 2767 1880 2843 per·

603 2851 746 2938 epulati,
768 2871 790 2916 a
816 2847 977 2936 Camytze
1003 2871 1070 2917 uno
1096 2839 1127 2916 se
1151 2843 1228 2918 loco
1255 2839 1387 2942 pulsos,
1415 2841 1621 2924 didicerunt,
1645 2864 1821 2929 emonre,
1845 2849 1876 2915 in

604 2974 705 3049 quem
730 2939 889 3044 pauesassi
916 2938 1152 3044 confugerant,
1180 2941 1323 3016 resumtis
1349 2951 1461 3016 animis
1487 2941 1708 3028 desteudtmt,
1743 2963 1776 3016 ct
1816 2966 1877 3016 rna·

605 3074 675 3149 guo
700 3068 936 3144 tympanorum
960 3071 999 3114 ac
1025 3043 1294 3120 vociferationum
1321 3042 1425 3118 souitu
1449 3049 1605 3117 reuocatis
1630 3073 1649 3117 e
1672 3042 1750 3143 suga
1789 3045 1876 3118 andi·

604 3175 670 3322 pue
694 3143 753 3218 suis
779 3143 984 3244 popularibus
1013 3152 1184 3318 <quisspro
1220 3149 1328 3243 peritia
1357 3149 1485 3247 linguae
1526 3172 1562 3216 ac
1601 3171 1733 3218 morum
1776 3151 1877 3246 gentis

1125 3275 1143 3320 e

621 3247 698 3320 acile
724 3247 826 3318 statim
852 3269 1099 3342 agnouerunte
1166 3243 1230 3318 isias
1256 3273 1352 3320 voces
1378 3275 1414 3318 ac
1448 3246 1537 3347 signa
1575 3251 1800 3319 reuocantium
1837 3243 1879 3317 di·

456 3357 459 3362 ’
529 3343 730 3454 163,spersos
752 3342 795 3418 ad
820 3337 912 3445 spem
933 3343 1109 3422 meliorem
1133 3351 1228 3422 rebus
1255 3343 1395 3444 saluis),
1421 3350 1473 3422 ubi
1506 3375 1620 3426 omnes
1652 3345 1880 3464 confluxerunt

1851 3471 1884 3520 tn

648 3685 694 3766 ι)
717 3694 909 3744 zortnunsr
937 3677 1014 3744 Cum
1045 3678 1208 3766 aliquando
1247 3677 1430 3763 imperatori
1468 3683 1690 3760 nunciaretur,
1722 3682 1881 3748 Turricurrr

743 3768 912 3832 exercitum
937 3765 1063 3848 colligi,
1088 3767 1248 3834 Ronrauas
1268 3765 1442 3848 proiriucias
1450 3777 1690 3852 populaturum,
1714 3778 1807 3851 atque
1825 3763 1881 3852 ipse

745 3851 875 3935 pedibus
899 3851 1189 3932 aeger-borborls
1215 3871 1369 3916 occurrere
1394 3869 1451 3910 non
1474 3853 1591 3939 poffrt:
1615 3847 1776 3939 Euflartio
1792 3853 1884 3918 Com·

742 3949 846 4019 mylae
870 3937 940 4002 duce
961 3939 1145 4020 phalangem
1169 3949 1275 4001 contra
1299 3959 1349 4012 eos
1373 3938 1492 4014 mittit,
1518 3943 1585 4002 riro
1606 3943 1685 4002 iuter
1708 3940 1799 4002 dures
1817 3940 1884 4024 pri·

744 4025 869 4098 mario,
891 4025 946 4107 qui
968 4044 1034 4087 cum
1059 4043 1116 4086 uon
1143 4027 1269 4088 miuima
1293 4021 1422 4105 hostium
1438 4033 1532 4106 parte
1565 4023 1754 4108 congreffus,
1788 4024 1883 4088 vissus

749 4108 790 4192 est
813 4120 843 4174 et
864 4121 993 4190 xruptus,
1019 4108 1166 4172 militibus
1188 4111 1305 4190 partim
1331 4107 1437 4186 coasts,
1458 4115 1576 4191 purtim
1595 4111 1675 4190 firgo
1699 4109 1812 4193 elapfis.
1838 4132 1883 4170 re-

659 4259 663 4266 ,
745 4189 827 4274 siqua
852 4195 918 4254 vide
941 4195 977 4254 ad
999 4191 1031 4275 ps.
1059 4211 1127 4272 223.
1161 4208 1327 4256 aurens:
1370 4191 1520 4273 Sequatur
1542 4193 1616 4280 suut
1653 4198 1820 4258 Turranius
1853 4198 1884 4260 ist

735 4281 914 4364 prouincias
936 4277 1095 4344 Romanos
1117 4281 1321 4352 excursores,
1345 4286 1451 4340 coulru
1477 4303 1551 4363 quus
1586 4283 1752 4363 imperator
1793 4301 1886 4366 quum

741 4367 851 4433 duem
871 4367 1001 4450 coplas,
1020 4363 1148 4445 adfixus
1167 4362 1242 4428 ulto
1262 4383 1323 4427 ,uos
1333 4361 1458 4448 poſjit:
1476 4365 1679 4453 .Euflallrr'um
1701 4366 1885 4451 Camytzerrr

651 4545 712 4614 162·
731 4554 843 4608 astru
864 4553 975 4605 cortu.
1003 4561 1037 4628 p.
1061 4558 1136 4620 440.
1162 4546 1386 4612 ZonarT,11.
1407 4567 1436 4632 p.
1460 4557 1530 4618 306.
1591 4540 1594 4547 ’
