4026 5738
566 561 781 664 „ctrvT
799 547 897 676 XIII.
1326 587 1383 662 77¹

628 785 657 838 a.
682 767 722 840 C.
747 769 837 856 1463.

99 936 136 1007 in
159 884 219 1018 iis,
245 953 327 1030 quae
351 925 394 1003 ad
423 925 649 1030 quotitidienae
671 927 757 1002 ¹vitae
785 923 877 1004 vsum
903 923 1069 1032 spet‘lants
1094 951 1210 1005 vetum
1243 931 1381 1016 etiuiis,

100 1061 182 1134 quae
203 1033 364 1134 publicam
389 1031 563 1132 aliquando
588 1029 629 1102 de
655 1033 747 1104 rebus
773 1027 950 1105 neell'ariis
974 1030 1241 1108 consultationem
1299 1033 1384 1104 ollu-

1399 670 1474 752 lmp.
1532 671 1604 734 elv-

1396 767 1580 904 1spiraturus

98 1135 174 1212 lant.
223 1139 341 1208 Parum
367 1133 475 1206 aute'm
501 1130 744 1214 recordamini,
770 1155 806 1207 vt
830 1131 939 1208 videre
965 1134 1106 1216 videor,
1129 1130 1223 1307 guod
1274 1139 1382 1232 sepius
1453 1127 1455 1138 ’

99 1263 160 1312 uos
186 1237 350 1308 cohortati
374 1227 503 1317 suomet
528 1253 564 1308 vt
588 1259 652 1306 vna
678 1233 847 1306 nobiscum
873 1235 1116 1334 expeditionem
1143 1240 1385 1308 umeretiscon·

98 1357 147 1412 tra
174 1339 329 1410 Turcos:
360 1359 474 1408 uerum
511 1335 774 1406 cohortationem
810 1335 953 1408 nollram
992 1335 1162 1425 admittere
1201 1331 1416 1420 recusastir,'

98 1441 247 1537 quamuis
272 1434 313 1507 ad
341 1431 475 1507 eandem
501 1461 572 1510 rem
599 1439 695 1518 mam
720 1431 870 1534 pontifex
895 1441 1057 1512 unximus
1073 1461 1130 1509 vos
1150 1439 1383 1510 cohortaretur.

97 1535 226 1614 Foedus
250 1534 409 1634 pepigistis
436 1537 513 1607 cum
539 1535 697 1628 barbaro,
723 1531 886 1636 nostrique
912 1537 1040 1610 nullum
1066 1533 1248 1636 respedlum
1268 1536 1383 1638 egillis.

101 1637 152 1714 dd
177 1639 259 1709 haec
285 1633 386 1710 vellra
411 1641 515 1708 orario
542 1655 632 1724 erat,
659 1659 720 1706 nos
746 1662 860 1733 parum
887 1638 1024 1710 honelle
1062 1663 1181 1738 agere,
1207 1639 1386 1716 iubentes,

98 1765 159 1815 vos
184 1761 272 1810 arma
297 1757 408 1808 contra
435 1737 602 1808 barbarum
629 1742 789 1834 arripere,
814 1763 891 1810 cum
918 1739 1023 1812 nullae
1041 1759 1151 1812 tamen
1177 1741 1243 1810 eius
1267 1745 1303 1812 iu
1326 1761 1387 1812 vos

89 1839 221 1914 exsseut
245 1841 385 1908 iniuriae.
430 1845 506 1910 Nos
521 1839 630 1935 *igitur
656 1832 776 1934 saepius
801 1839 982 1911 traiecimus
1009 1839 1121 1914 illrum
1141 1889 1152 1921 ,
1175 1857 1207 1911 et
1226 1841 1384 1914 maximas

98 1939 201 2012 clades
226 1941 417 2034 accepimus.
469 1941 580 2011 Primo
607 1936 741 2036 quidem
769 1939 780 1972 ¹
802 1934 979 2022 ladislaus,
1003 1965 1061 2012 rex
1087 1939 1215 2022 noller,
1241 1945 1387 2038 inexpe-

96 2039 220 2116 dition'e
244 2043 386 2112 Turcica
415 2041 587 2120 occubuit,
621 2065 698 2111 cum
721 2027 826 2111 luill'et
852 2045 901 2112 vir
924 2046 1076 2139 optimus.
1112 2036 1242 2114 Deinde
1264 2047 1381 2116 iterum

96 2143 188 2218 multi
214 2159 246 2213 et
274 2141 352 2212 boni
378 2141 437 2212 viri
462 2144 498 2212 in
523 2133 657 2211 Cosobo
683 2141 824 2236 regionis
851 2141 1103 2234 Trybalorum,
1130 2145 1247 2240 partim
1280 2137 1387 2227 caefi,

45 2317 56 2328 ,
95 2248 212 2344 partim
239 2247 323 2340 capti
348 2234 421 2312 sunt
446 2241 484 2312 ab
512 2241 643 2317 Trucis.
691 2243 784 2313 Haec
810 2239 942 2339 quidem
970 2245 1123 2316 haetenus
1148 2243 1239 2315 vobis
1267 2269 1386 2344 expro-

95 2347 187 2420 brare
204 2341 309 2416 libuit.
358 2345 551 2415 ‘Caeterum
577 2347 677 2440 parati
704 2360 737 2412 et
763 2346 884 2438 promti
911 2339 1019 2416 sumus
1045 2369 1108 2416 vna
1134 2341 1302 2417 vobiscum
1338 2338 1387 2419 su·

14 2513 16 2518 .
94 2444 216 2548 scipere
242 2441 362 2517 bellum
388 2441 449 2532 a),
475 2447 634 2515 continuo
660 2435 854 2515 transeuntes
879 2442 1017 2522 illrum,
1043 2465 1098 2528 ct,
1125 2464 1282 2545 quantum
1308 2469 1386 2544 pos·

92 2543 229 2630 sumus,
254 2539 429 2616 errallantes
455 2547 625 2645 regionem
650 2543 783 2618 barbari.
831 2549 1017 2642 Appeteute
1043 2571 1119 2618 vere
1142 2545 1282 2618 ‘bellum
1302 2541 1383 2618 iudi·

95 2675 207 2722 cemus
232 2649 326 2744 regi:
352 2639 463 2742 quod,
489 2667 645 2744 quantum
669 2647 760 2718 Deus
786 2645 880 2716 nobis
902 2649 974 2744 opis
1000 2644 1148 2720 dederit.
1174 2641 1382 2718 srrmmafor·

92 2747 233 2823 titudine
259 2767 409 2848 geremus
432 2749 480 2817 ⁰).
531 2751 704 2818 Caeterum
732 2763 848 2818 etvot
872 2743 968 2819 limul
1004 2753 1183 2844 irrumpere
1221 2753 1254 2818 in
1290 2747 1386 2820 Pelo«
1443 2765 1449 2772 “

91 2843 277 2952 ponaesum
305 2863 336 2916 et
360 2843 514 2920 molestos
537 2843 624 2930 ess’e,
651 2865 808 2944 quantum
834 2845 981 2936 licuerit,
1007 2855 1076 2950 regi
1101 2867 1256 2947 oportet,
1283 2869 1318 2921 vt
1344 2853 1381 2921 iu

92 2957 187 3028 hunc
212 2943 354 3020 modum
378 2945 418 3016 ab
442 2968 575 3052 utraque
600 2951 734 3048 regione
761 2953 891 3052 negotia
931 2952 961 3022 ei
997 2945 1210 3032 fac-effamur,
1241 2965 1274 3025 et
1309 2953 1379 3052 pari

93 3057 208 3130 animo
233 3053 359 3152 utrique
384 3045 505 3124 bellum
530 3049 756 3155 aggrediamur
770 3098 809 3134 ‚‚.

672 3239 704 3338 l
730 3259 797 3330 192·

202 3421 264 3496 llis
289 3415 409 3507 diuis,
435 3419 966 3524 recipiebat[rex1‘annonum]
991 3421 1105 3523 viginti
1131 3423 1275 3523 quinque
1301 3415 1377 3496 mil·

87 3521 137 3597 'lia
161 3547 343 3596 aureorum.
392 3529 515 3614 Quibus
540 3531 701 3624 acceptis,
726 3523 950 3622 accingebatur
974 3521 1014 3599 ad
1059 3521 1203 3610 bellurn,
1242 3547 1378 3621 compa·

89 3649 168 3696 rans
193 3627 393 3717 exercitum,
417 3634 472 3728 qui
492 3627 771 3726 complediebatur
795 3627 908 3722 viginti
935 3625 1078 3723 quinque
1105 3625 1202 3700 millia
1219 3628 1377 3700 virorum.
1419 3630 1424 3638 '
1488 3713 1490 3718 g

94 3721 390 3826 Transgreffusque
415 3729 555 3830 illrum,
578 3733 662 3828 regis
685 3733 857 3828 regionem
882 3725 1106 3825 populabatur.

193 3911 354 3982 Sabatines
379 3909 412 3974 r)
438 3939 571 3988 murum
597 3911 755 4015 Belgrado
781 3913 970 3992 obiecerat,
994 3925 1081 4012 ‘quo
1095 3914 1194 3983 tutior
1211 3905 1378 4006 ell'etcum

88 4031 134 4080 ex
160 4011 329 4086 Pannonia
359 4011 491 4112 praedas
513 4035 620 4116 ageret
645 4021 699 4088 tl:
724 4019 759 4086 iu
785 4039 853 4112 quo
878 4011 1065 4116 relinquens¹
1094 4009 1290 4113 praelidium
1321 4015 1376 4100 ,vi-

554 4145 560 4154 ·
610 4117 640 4188 E
665 4143 685 4190 e
710 4141 729 4191 e
754 4141 773 4188 e
799 4141 818 4189 e
839 4137 861 4190 2
1257 4137 1373 4188 cortun

131 4335 183 4418 a)
206 4339 385 4422 sinopensis
414 4335 625 4418 ὅκοδιχομεθα.
792 4345 843 4432 p)
866 4347 899 4408 Iu
931 4363 1023 4422 marg.
1047 4337 1249 4408 Sciabalt'ttes·

135 4425 182 4504 o)
205 4433 422 4510 ερατενσομιθα
447 4434 493 4490 ἔπι
528 4457 576 4498 την
602 4434 706 4512 iners,

86 4531 294 4600 tattonem,
317 4513 352 4580 ἐι
379 4513 413 4578 ἐν
438 4514 498 4597 iris
525 4513 626 4582 ireos.
797 4517 842 4606 q)
866 4512 916 4578 itt
937 4537 987 4583 ru
1014 4515 1145 4573 fluum
1177 4505 1315 4588 ἒληιίιτσ·

1613 893 1771 1027 χ’
