4026 5738
131 997 381 1114 poenitentiaea
407 997 459 1071 cui
483 991 720 1070 intercesserant
745 1001 929 1074 inimicitiae
950 1021 1032 1074 etun
1055 994 1221 1072 Cboniate
1245 995 1354 1075 adbuc
1374 994 1426 1077 sn·

134 1105 299 1212 perflue,
321 1097 493 1182 censebat,
517 1097 602 1172 filios
624 1099 796 1176 Cboniatis
819 1123 893 1174 non
914 1103 952 1171 in
973 1097 1131 1175 ‘senatoria
1157 1097 1311 1202 dignitate
1325 1101 1427 1178 collo-
1497 1175 1502 1186 ,

142 1205 291 1284 candos:
316 1224 351 1278 vt
373 1225 516 1304 quorum
542 1217 632 1299 pater
657 1204 875 1276 maximarum
900 1197 976 1301 ipfit
997 1221 1113 1274 contra
1125 1201 1257 1276 Turcot
1273 1201 1430 1278 dimicaa.

136 1311 222 1386 tibus
244 1307 361 1384 audior
385 1302 600 1376 calamitatum
625 1299 786 1376 exstiterit.
836 1305 1006 1376 Pannones
1033 1325 1145 1377 contra
1167 1307 1307 1401 'impium
1329 1305 1427 1382 duce-

132 1413 239 1500 bant,
265 1407 433 1482 Choniatic
455 1401 539 1478 filiun
563 1425 669 1500 ragno
695 1421 726 1475 ct
751 1403 934 1506 magistratu
961 1403 1087 1504 expelli
1108 1401 1309 1506 Filii-igitur
1330 1405 1426 1482 Cho·

138 1515 234 1690 niatig¹
253 1504 450 1610 insurgentes
472 1519 588 1580 contra
612 1501 813 1596 orianum,
835 1510 874 1582 in
896 1510 986 1582 catria
1008 1523 1109 1611 caput
1123 1507 1193 1583 eius
1202 1525 1425 1614 amputabat,

135 1635 172 1694 et
193 1639 214 1688 a
234 1614 347 1690 ierunt

742 1709 778 1814 ᾧ.
802 1731 869 1805 ¹77·

239 1893 377 1974 Fac‘inm
402 1891 471 1964 boc
491 1891 665 1966 Pannonet
690 1891 910 1998 iudigniffime
935 1887 1106 1980 ferebant,
1128 1909 1163 1967 et
1185 1893 1355 1968 Cboniatit
1379 1879 1425 1974 ii·

132 1994 218 2076 lium
243 1995 278 2068 b)
303 1999 337 2068 in
361 1995 489 2074 nincuia
514 1997 825 2080 contammata,
852 2021 921 2098 quo
946 2003 1072 2072 maiore
1111 1991 1257 2068 custodia
1292 1990 1424 2072 afferan-

132 2117 249 2182 retur,
274 2099 421 2178 vinctum
447 2089 642 2194 belgradum
668 2095 678 2146 ¹'
690 2097 700 2162 i
725 2095 960 2199 deportarunt„
996 2101 1123 2174 Verum
1148 2099 1173 2168 is
1202 2093 1291 2171 baud
1316 2095 1423 2172 mrito

132 2199 209 2302 posi
235 2191 366 2284 effecit,
391 2216 448 2282 vt,
477 2193 612 2270 uinculis
637 2219 813 2292 exemtus,
835 2204 892 2272 ‘in
917 2201 1039 2298 regiam
1080 2195 1271 2298 dignitatem
1296 2191 1331 2262 t)
1353 2191 1435 2272 sub·

134 2304 318 2376 ueheretur.
364 2300 454 2374 Nam
479 2323 538 2372 rex
560 2317 686 2374 creatus
712 2299 780 2385 eii,
804 2297 931 2374 adiutus
956 2297 1046 2374 fideli
1068 2323 1172 2399 opera
1209 2320 1424 2398 paternorum

130 2408 328 2480 anticorum.
374 2403 484 2478 Etiam
510 2395 692 2498 plurimum
716 2401 760 2476 ad
784 2427 927 2502 regnum
950 2399 1131 2504 parandum
1146 2399 1306 2488 contulit,
1331 2395 1424 2502 qnod

133 2505 253 2606 opibus
279 2507 457 2586 exercitum
481 2495 538 2573 iibi
562 2503 773 2586 conciliauit,
798 2529 943 2602 eumque
977 2507 1012 2573 in
1049 2503 1246 2576 Pannoniam
1283 2510 1422 2603 regione

131 2607 219 2686 aluit.
266 2609 311 2685 Et
332 2609 367 2680 in
392 2605 483 2682 bunc
505 2599 648 2680 modum
672 2599 799 2712 iniigne
822 2610 930 2712 regiae
955 2599 1116 2706 dignitatis
1133 2601 1423 2710 decutacquffinit.
1551 2607 1561 2622 “

231 2791 335 2871 Iioter
359 2784 395 2850 ¹³)
418 2813 496 2862 ctun
521 2790 588 2862 iam
611 2807 703 2866 antea
729 2783 923 2866 discofdiam
946 2783 1081 2866 fouiisct
1106 2781 1259 2865 aduersus
1294 2789 1423 2866 Cboni-

128 2913 242 2978 atem,
267 2913 300 2968 et
325 2887 443 2965 deinde
467 2893 645 2964 inimicitias
670 2881 849 2992 suscepiffet
873 2919 950 2967 cum
984 2889 1059 2966 filio
1098 2894 1186 2975 eius,
1219 2895 1275 2992 qui
1312 2913 1420 2994 regno

130 3001 254 3098 potitus
281 3014 373 3083 erat,
396 2985 559 3067 recusabat
581 3015 674 3066 nouo
699 2999 770 3094 regi
794 2992 936 3068 obedire.
986 2999 1110 3065 Verum
1124 3016 1197 3064 non
1212 2989 1318 3067 multo
1330 2990 1419 3092 post,

134 3125 212 3171 cum
238 3087 453 3172 interceffiss'et
477 3093 635 3194 padum,
672 3097 758 3195 regis
796 3098 972 3195 imperium
1005 3089 1201 3166 admittebat.
1247 3099 1290 3168 In
1328 3095 1420 3166 bunc

131 3193 275 3274 modum
301 3221 442 3297 regnum
466 3193 608 3270 delatum
634 3191 680 3268 est
705 3191 747 3268 ad
774 3197 938 3270 Choniatit
955 3195 1060 3270 filium
1074 3197 1262 3269 iuniorem:
1287 3197 1342 3268 hic
1355 3191 1420 3268 bei-

127 3301 202 3377 lum
224 3300 353 3402 gerebat
377 3323 454 3372 cum
478 3295 612 3380 ailberto
638 3295 938 3379 ''¹³‚Rotnanottnn
950 3297 1169 3394 imperatore,
1187 3322 1241 3370 ma
1263 3321 1306 3368 na
1320 3293 1418 3370 edent

131 3403 251 3502 ubique
290 3400 430 3476 militarit
455 3401 577 3474 virtutis
604 3415 713 3496 opere.
764 3403 903 3505 l'tagnn
933 3419 967 3478 et
999 3399 1174 3475 noemam
1210 3321 1355 3502 subegit„
1378 3416 1419 3476 nt

124 3507 199 3584 iam
225 3525 357 3610 utraque
381 3525 483 3609 tegna
507 3505 538 3576 ei
561 3520 721 3607 paterent,

128 3879 133 3886 ·
235 3830 410 3916 ulbertus,
431 3829 665 3906 Romanorum
689 3705 890 3916 inbrebbbn,
914 3818 952 3890 in
977 3819 1091 3894 animo
1114 3815 1258 3896 'babebat
1280 3809 1338 3899 ¹¹),
1360 3835 1412 3885 at·

627 3927 665 4004 D
687 3913 714 3998 d
741 3915 763 3992 d
789 3911 860 3990 dd
885 3939 905 3993 a
985 3983 993 3998 ,
1344 3917 1413 3990 mit

173 4115 221 4197 it)
242 4119 276 4180 ln
299 4135 390 4194 marg.
416 4110 586 4180 Maiiiam.
764 4113 770 4122 '
791 4104 878 4165 cuiun
899 4101 986 4188 iitpra
1004 4101 1046 4188 lt
1065 4120 1134 4190 155.
1143 4101 1257 4170 mentio
1269 4097 1349 4166 fabia
1360 4099 1412 4186 eii,

170 4203 210 4285 i)
234 4207 267 4266 ln
291 4203 541 4281 marmaniam
555 4195 747 4288 adduxerunt.
791 4187 939 4256 nautum?
986 4209 989 4214 ·

170 4293 213 4368 k)
233 4293 264 4352 u
288 4293 511 4378 rut-flamen
533 4289 665 4348 natum.
838 4276 897 4355 m)
921 4279 953 4337 In
977 4293 1068 4353 marg.
1087 4271 1128 4338 al.
1149 4271 1318 4340 friderico.
1423 4319 1425 4328 ,
1529 4295 1531 4302 ’

832 4361 882 4444 n)
901 4355 938 4422 ab
959 4387 1007 4439 aq
1029 4384 1155 4441 spongea
1174 4383 1227 4436 μοι
1245 4346 1410 4426 iurauerit.

169 4461 208 4542 l)
230 4466 335 4530 Ῑλοκηε·
360 4463 395 4525 In
416 4478 510 4543 marg.
529 4459 631 4532 litis,
650 4445 747 4540 quiet
792 4453 893 4514 amiur
912 4453 1066 4534 interpret.
1090 4451 1203 4513 dixerat
1226 4463 1300 4508 vero
1322 4439 1355 4501 id
1376 4457 1410 4520 p.

126 4547 281 4615 Nicolaus
311 4547 481 4616 Vilachius.
514 4535 745 4638 [Tbrwocaiut
794 4546 859 4605 226.
880 4533 1142 4636 Chalcocontiniat.
1164 4533 1233 4602 vide
1253 4527 1342 4617 snpra
1369 4519 1407 4609 Ι·

126 4634 295 4705 Nicolaum
331 4637 370 4704 tie
401 4632 507 4719 Vaut
543 4621 666 4709 nociti·
700 4623 745 4684 ΑΒ
791 4641 866 4712 ¹75·
956 4647 958 4652 ’
