4070 5742
620 591 628 602 '
666 595 872 681 curvr
909 581 1009 678 'ruff

680 805 683 812 ’
718 829 746 878 a
771 805 809 878 C.
837 826 921 900 ¹05⁰·

613 949 620 956 ’
758 972 790 1069 §.
817 971 867 1058 63.

267 1089 448 1192 Postquam
471 1087 671 1189 [solanus]
694 1097 729 1166 in
756 1090 1016 1193 Raaspracaniam
1042 1097 1151 1176 veuit,
1176 1109 1273 1194 atque
1293 1093 1335 1170 ibi
1348 1101 1445 1172 etiam

158 1195 282 1272 omnia
307 1199 405 1266 muris
428 1191 555 1267 defendi
582 1188 683 1276 vidit,
708 1201 854 1266 animum
881 1191 923 1266 ad
948 1197 1207 1294 oppugnationes
1230 1197 1382 1294 appellit:
1406 1225 1445 1272 ac

158 1299 449 1398 primoomnium
475 1294 709 1366 Mantniltr'erte
722 1297 767 1359 Ι(ὃ)
791 1291 983 1396 aggreditur.
1036 1296 1118 1366 Vrbe
1148 1293 1194 1368 ell
1218 1299 1444 1374 Mantzikiene

160 1403 201 1470 in
227 1395 356 1491 planitie
377 1391 502 1492 polita,
529 1393 642 1492 triplici
669 1417 767 1466 rnuro
804 1393 1025 1477 circumdata,
1061 1391 1232 1496 multisque
1257 1401 1340 1473 intur
1371 1393 1443 1472 fon·

165 1499 252 1572 tibm
278 1499 413 1592 irrigua:
438 1515 509 1568 tum
535 1517 667 1593 quoque
689 1519 800 1566 rerum
842 1491 1086 1584 necess'ariarum
1124 1489 1313 1573 inuexerant
1351 1501 1444 1598 opi·

167 1595 245 1674 dani
271 1599 407 1694 copiam.
457 1597 556 1666 Hanc
583 1595 696 1668 vrbem
719 1590 774 1686 l'e,
801 1593 892 1694 quod
930 1595 1021 1670 locus
1053 1594 1134 1666 'eam
1165 1593 1281 1668 adortu
1314 1525 1443 1676 facilem

163 1693 305 1776 faceret,
332 1719 404 1766 non
428 1717 552 1798 magno
579 1713 841 1794 expugnaturum
864 1714 948 1769 ratus
973 1699 1130 1795 negotio,
1156 1697 1329 1788 soltanus,
1355 1698 1441 1776 vallo

159 1799 317 1900 proxime
343 1792 481 1878 defixo,
506 1800 613 1868 omnis
662 1799 763 1868 eneria
788 1797 944 1869 machinis
980 1815 1111 1878 tentat,
1143 1823 1181 1869 ac
1218 1823 1278 1896 per
1313 1803 1443 1898 triginta

158 1895 229 1974 dier
253 1895 375 1994 altaque
400 1894 462 1967 vlla
486 1898 612 1968 iuterm'
651 1919 716 1970 one
748 1915 927 1998 oppugnat.
976 1901 1122 1972 Praeerat
1152 1901 1182 1970 ei
1213 1899 1281 1972 vrbi
1314 1899 1442 1976 Basilina

156 1999 312 2100 patricius
335 2023 356 2068 a
382 1999 497 2094 Cape,
524 1997 630 2070 homo
656 1992 798 2096 pnrdeua
823 2023 861 2070 ac
911 2001 1012 2070 eritru.
1038 2003 1105 2070 eius
1131 1994 1284 2071 industria
1307 1995 1465 2082 fadum·

159 2119 223 2183 at,
249 2101 306 2200 qni
332 2102 368 2170 ia
390 2099 469 2172 vrbe
495 2117 608 2182 erant,
633 2119 859 2198 oppugnantes
884 2023 1012 2172 fortiter
1033 2097 1233 2198 repellerent.

272 2281 340 2354 Iam
364 2277 488 2358 dere,
516 2305 613 2380 quam
637 2279 750 2356 frnllra
775 2281 833 2358 libi
864 2279 1031 2356 videbatur
1062 2303 1226 2368 conatus,
1259 2277 1441 2358 omittenda

165 2399 204 2459 et
225 2379 391 2458 obfidione
416 2377 569 2456 soluenda
595 2389 792 2486 cogitantem
826 2384 994 2456 Sultauurn
1026 2385 1133 2480 Alcen
1174 2377 1446 2460 Chorasmiorum

162 2481 238 2556 dux
261 2480 296 2546 θ)
314 2502 434 2582 rogat,
459 2503 495 2557 vt
519 2479 626 2556 adhuc
648 2513 750 2558 vnum
777 2483 865 2560 diem
897 2481 1102 2582 perseueret,
1127 2483 1250 2588 llbique
1274 2509 1366 2584 oppu
1389 2510 1443 2556 na-

161 2588 292 2660 tionem
315 2579 459 2657 mandet
486 2582 577 2682 quod
601 2585 793 2680 perlibenter
827 2583 981 2658 concedit
1019 2586 1178 2660 Sullanus.
1226 2589 1334 2660 l’rirna
1365 2511 1444 2660 luce

162 2683 274 2760 Alcan
297 2677 531 2760 omnibusne
558 2683 721 2770 colledl'n,
748 2685 917 2760 Sultanunr
940 2705 973 2758 et
996 2683 1215 2761 illullrill'unor
1248 2687 1445 2763 ancorum

160 2789 204 2858 in
227 2784 356 2860 tumulo
381 2780 527 2883 quodam
550 2787 639 2858 iuxta
661 2805 791 2886 portam
817 2785 1004 2860 orientalem
1028 2781 1191 2888 spectandi
1223 2779 1316 2858 caula
1341 2785 1448 2860 collo'·

160 2903 241 2972 oet,
264 2906 359 2988 atque
383 2879 450 2984 ipse
472 2887 514 2956 ad
538 2911 611 2958 eam
638 2907 768 2984 ponam
793 2891 874 2960 cum'
894 2889 1050 2960 machinis
1073 2885 1163 2960 subit.
1175 2883 1342 2966 videbatur
1354 2891 1447 2962 enim

113 2999 122 3006 '
161 3011 212 3060 eo
237 2985 315 3061 loco
339 3009 450 3058 murus
475 2981 559 3058 vrbir
595 2985 820 3090 hurniliorxac
851 2985 1046 3070 infirmior,
1077 2987 1234 3086 locusque
1273 2983 1446 3084 oppelitua

162 3083 212 3158 au
239 3083 345 3160 nando
369 3081 483 3158 editior
506 3093 801 3188 oppugnationem„
818 3085 995 3160 adiuuare:
1020 3091 1096 3186 qnia
1127 3091 1209 3160 intra
1240 3111 1355 3160 murm
1386 3087 1446 3188 qui

216 3207 296 3278 ent,
321 3181 456 3283 deluper
479 3183 543 3258 tella
574 3192 687 3286 impeti
727 3191 767 3262 ab
809 3189 1070 3288 oppugnantibus
1105 3183 1241 3288 pollent.
1292 3190 1384 3288 Ergo
1409 3192 1447 3260 in

163 3285 251 3360 duas
274 3305 381 3386 parter
405 3292 577 3362 exercitum
603 3283 697 3362 suurn
721 3287 859 3373 diuidit,
885 3315 1021 3390 quarum
1047 3315 1110 3364 rna
1134 3286 1270 3362 editiore
1294 3287 1351 3361 illo
1364 3287 1449 3362 loco*

161 3387 283 3473 staret,
308 3389 574 3486 continenterque
598 3387 719 3488 sagittas
745 3389 958 3463 eiacularetru.
980 3389 1113 3464 alteram
1136 3389 1298 3490 ligonibus
1329 3387 1461 3462 bidem.

163 3490 250 3563 tibus
273 3485 403 3588 aliisque
426 3487 547 3558 rullicia
571 3489 786 3564 instrumentis
811 3511 966 3563 armatam
992 3483 1068 3562 lesas
1093 3521 1105 3580 r,
1120 3485 1313 3562 tabernaculi
1338 3513 1442 3590 genus
1479 3551 1502 3608 9

164 3587 214 3662 est
236 3583 320 3671 lesa,
343 3613 387 3659 ex
412 3589 585 3660 viminibus
611 3609 826 3676 contextum,
850 3617 888 3662 ac
913 3587 1049 3690 superne
1074 3593 1166 3662 corio
1199 3587 1320 3661 bubulo
1351 3587 1443 3662 indu·
1501 3581 1511 3600 '

167 3685 400 3786 m1m‚quod
426 3713 445 3759 a
470 3685 633 3766 columnia
658 3687 847 3772 sustinetur,
875 3717 1011 3792 quarum
1034 3685 1159 3764 balibns
1184 3709 1272 3762 rotae
1292 3682 1444 3764 suntlub·

165 3791 297 3880 ienae)
322 3785 451 3870 subire,
487 3813 604 3888 etque
638 3792 794 3890 paulatim
814 3791 1002 3890 impellere,
1028 3817 1192 3890 muroque
1221 3785 1276 3862 sub
1310 3793 1344 3862 iia
1377 3787 1445 3866 suo·

167 3885 284 3962 cedere
308 3909 340 3962 et
364 3906 450 3960 tutos
475 3887 536 3962 illo
559 3897 705 3988 tegmine
729 3887 939 3966 fundamenta
973 3897 1066 3966 omni
1090 3895 1122 3966 vi
1144 3887 1292 3964 subruere
1323 3893 1445 3968 iubet:

165 3995 268 4064 animi
293 4007 418 4070 certus,
442 3987 487 4062 ob
511 3983 697 4080 sagittarum
723 3995 874 4066 nimbum
897 3997 1063 4066 neminem
1088 3986 1238 4064 ausurum
1273 3987 1315 4064 de
1346 4017 1443 4068 muru

168 4087 375 4204 prospicere,
400 4107 498 4190 atque
521 4093 564 4164 ita
587 4083 621 4167 se
645 4118 786 4190 'murum
827 4111 1088 4196 expugnaturum
1127 4086 1302 4169 somnians.
1352 4097 1446 4266 Hapic

1325 4228 1330 4236 ·
1427 4219 1448 4268 e

210 4391 262 4474 a)
284 4351 505 4477 blunffmerpea.
773 4453 779 4470 ,
872 4420 924 4482 4ο.
945 4368 1048 4472 CEDb·
1070 4399 1114 4468 Τ.
1134 4403 1171 4468 Π.
1192 4411 1304 4490 p.781·
1350 4471 1352 4478 .

207 4480 256 4561 b)
278 4489 378 4548 Δλω
402 4477 418 4548 ὅ
442 4507 497 4546 rer
518 4479 691 4564 ngarram
720 4473 783 4556 dra.

164 4589 239 4646 Π.
