4110 5742
632 551 835 674 §APVT
861 560 951 632 xvt.
1360 569 1510 744 wrm,
1535 543 1640 740 ‘m'

620 783 649 831 a.
676 763 713 834 C.
742 769 963 852 neq-1118.
1442 747 1552 896 2¹⁰1·

150 889 217 984 init
242 898 274 960 et
297 879 364 986 ipse
387 903 458 954 non
485 877 632 982 segniore
657 881 740 983 ipsos
767 891 889 984 impetu
924 879 1074 984 insequi:
1113 900 1145 956 at
1177 889 1241 958 cito
1278 903 1431 988 expertus
1466 849 1546 902 Μ

153 987 222 1064 cll,
247 981 280 1056 id
306 985 378 1062 lieri
403 1009 473 1053 non
499 981 597 1080 posse.
625 985 791 1086 Siquidem
819 981 910 1056 cursu
945 1007 976 1056 et
1031 1009 1118 1084 ogna
1152 981 1223 1076 solli
1265 989 1433 1064 Romano·

152 1115 228 1161 rum
256 1113 274 1158 e
297 1089 329 1156 oi
354 1087 635 1157 continuationem
662 1091 877 1158 contentionis
903 1113 972 1156 non
997 1010 1148 1157 serebant.
1182 1091 1272 1184 Ergo
1298 1087 1432 1192 nequid

154 1193 247 1290 peius
273 1111 382 1264 deret.
411 1182 573 1256 moderari
598 1183 738 1284 gressum
765 1189 918 1269 cordius,
944 1185 1033 1257 lento
1061 1185 1226 1258 dumtaxat
1240 1185 1351 1284 palso,
1377 1184 1432 1262 sed

158 1289 318 1362 ioslruslu
343 1285 462 1360 militari
486 1311 524 1355 ac
549 1291 776 1386 praemonito,
801 1283 1005 1367 alledabatur
1029 1307 1267 1386 praecurrentes
1291 1293 1433 1386 Turcop.

262 1623 649 1724 istomodo-pergens,
674 1617 729 1698 sub
755 1623 931 1696 diluculum
956 1632 1104 1724 pentenit
1128 1628 1161 1698 in
1187 1633 1274 1725 prius
1301 1649 1430 1706 memo·

142 1745 226 1800 ‚rata
249 1729 377 1798 Bortzae
402 1725 546 1823 oppida,
572 1752 654 1823 quae
681 1725 801 1798 ciuibus
828 1747 923 1824 atque
953 1729 1066 1798 incolis
1100 1731 1213 1802 cttnc‘la
1247 1725 1428 1818 exhaulim

160 1829 298 1924 capturos
323 1851 454 1944 quoqup
480 1829 520 1896 ibi
546 1847 688 1924 repertor
713 1831 863 1922 recepit3
906 1847 937 1896 et
969 1822 1101 1924 prouiso
1133 1829 1195 1904 illic
1233 1855 1250 1898 a
1292 1830 1428 1900 barbaria

158 1947 340 2000 commeatu
368 1928 511 2021 plurimo
537 1923 577 1996 acl
603 1923 648 1998 sui
672 1920 869 2024 suorumque
895 1923 1133 2010 reseclionem,
1158 1925 1288 1998 modica
1314 1935 1347 1998 in
1379 1925 1428 1997 lo·

153 2047 297 2124 coapto
324 2051 418 2096 mora
444 2021 507 2098 sese
533 2047 719 2122 opportune
744 2033 981 2120 recreandum,
1009 2027 1061 2098 eli¹
1077 2021 1156 2100 vsua.
1211 2025 1290 2100 inde
1303 2033 1429 2100 oriente

153 2123 218 2204 sole
245 2123 374 2223 capeffit
397 2151 497 2206 eam,
531 2151 612 2223 qnae
645 2124 685 2196 ad
720 2133 947 2224 imperatorem
982 2121 1147 2208 ducebat,
1184 2133 1278 2213 viam.
1328 2129 1428 2199 Etmtl

161 2227 218 2300 alia
243 2229 383 2296 occurrit
408 2229 598 2298 Tortorem
626 2253 750 2299 manus.
776 2225 871 2299 Nulla
898 2253 991 2300 mora
1017 2221 1316 2299 ellnrisceturacre
1332 2253 1426 2328 proe·

150 2325 255 2410 lium,
280 2323 440 2424 duratque
462 2325 642 2424 periculum
669 2328 794 2398 obnixis
820 2329 959 2424 partibus
984 2336 1152 2426 utrimque.
1204 2331 1333 2400 Barbari
1371 2329 1425 2400 vbi

149 2425 276 2504 sortiter
300 2426 495 2526 aliquamdiu
523 2433 590 2500 vim
617 2423 808 2516 sustinuere,
833 2433 962 2526 integris
994 2427 1099 2502 adhuc
1131 2429 1223 2502 rebus
1257 2428 1424 2526 alloquun-

148 2547 199 2602 tur
221 2526 382 2602 Bardatn:
410 2524 463 2598 soa
486 2525 542 2598 libi
570 2525 674 2599 modo
697 2523 799 2630 ⁵spolia
823 2528 991 2612 redderet,
1018 2555 1099 2626 qnae
1124 2527 1196 2626 ipsts
1231 2527 1387 2627 eripuill'et
1411 2553 1423 2618 ς

143 2633 182 2704 ¹iic
206 2633 375 2727 acceptis,
400 2629 538 2702 abituros
565 2655 621 2700 eos
647 2633 779 2700 innoxie
803 2635 838 2698 in
864 2627 984 2702 domos
1008 2627 1187 2712 sttaa‚.nec
1201 2631 1358 2700 Romanis
1372 2627 1425 2698 da·

145 2737 216 2804 mni
243 2749 297 2801 aut
321 2727 486 2801 moleliiae
512 2727 688 2828 quidquam
715 2727 864 2802 illaturos.
917 2727 997 2802 Non
1024 2737 1134 2804 annuit
1159 2729 1199 2801 ad
1227 2757 1262 2800 ea
1279 2739 1422 2800 burtzer:

149 2837 232 2932 quin
258 2835 364 2927 potius
388 2834 525 2909 acriter.
550 2835 593 2901 vti
620 2851 788 2926 coeperat,
816 2829 941 2928 proelio
975 2831 1090 2902 inssitit.
1140 2835 1304 2916 Quoniam
1339 2853 1419 2902 vero

144 2951 328 3033 pugnantes
353 2930 465 3002 militet
492 2929 530 3001 ab
556 2929 701 3000 hesterna
725 2925 777 3000 die
800 2957 1009 3029 aqoamnon
1041 2930 1265 3030 gollaoerant,
1297 2930 1350 3002 vbi
1376 2923 1417 2998 ad

150 3037 241 3128 ripas
266 3055 437 3126 peruenere
460 3027 600 3101 fluminis
629 3029 816 3110 cuiusdam,
841 3039 882 3102 ita
907 3031 1023 3100 laboris
1048 3029 1302 3128 remissionisque
1334 3027 1418 3100 vicet

135 3135 240 3204 'inter
260 3127 297 3200 'se
322 3135 422 3226 partiti
446 3127 537 3211 sont,
563 3149 599 3204 vt
622 3131 672 3202 alii
699 3129 832 3227 quidem
856 3127 983 3200 fortiter
1016 3125 1199 3203 sullinerent
1238 3155 1383 3228 pugnam
1408 3183 1420 3213 ,

130 3233 276 3306 ¹interim
305 3227 384 3300 dum
410 3229 527 3301 aellom
554 3231 604 3300 alii
630 3229 957 3304 flumineteuabant:
983 3233 1016 3300 hi
1042 3229 1174 3302 viciffim
1201 3255 1282 3300 mox
1317 3233 1350 3299 in
1372 3229 1421 3300 lo·

134 3359 221 3407 auin
237 3335 436 3404 certantium
460 3336 591 3402 recreati
616 3327 827 3403 succederent.
877 3335 992 3429 Sicqoe
1018 3327 1167 3430 deinceps
1193 3333 1321 3401 mutatis
1348 3353 1419 3427 par.

148 3436 250 3516 tibus,
273 3431 435 3530 proelium
469 3431 625 3503 alacritate
651 3429 774 3530 semper
805 3437 923 3503 recenti
961 3439 1190 3502 continuarent.
1239 3431 1419 3503 l'erllabaot

149 3555 259 3612 tamen
282 3535 396 3604 obnixi
424 3552 537 3604 contra
563 3552 594 3604 et
619 3530 746 3603 arrdacia
775 3557 806 3608 et
828 3557 966 3604 numero
993 3531 1147 3628 pollentes
1164 3531 1292 3602 barbari.
1320 3529 1415 3629 quod

146 3640 277 3712 Burtzet
301 3632 583 3717 animaduertere,
608 3631 694 3706 haud
719 3628 786 3705 satia
812 3632 1023 3733 expediebat,
1050 3630 1127 3732 quid
1163 3627 1284 3706 consilii
1325 3657 1417 3731 cape-

138 3761 196 3814 tel·

703 3837 733 3935 d
759 3857 834 3924 ano.

251 4019 411 4098 Tandem
436 4021 577 4122 placuit,
601 4045 670 4094 non
696 4049 714 4093 e
739 4019 839 4120 uulgo
870 4017 1008 4092 militum
1041 4013 1180 4117 deligere
1218 4019 1375 4090 nuncium
1402 4015 1487 4099 ‚1tt·

136 4125 198 4224 qui
222 4126 309 4196 haec
333 4123 373 4198 ad
391 4151 393 4154 ·
408 4129 638 4222 imperatorem
669 4119 854 4220 perferrete
890 4119 941 4192 sed
973 4126 982 4190 i
1022 4126 1181 4218 tgniorem
1218 4145 1244 4206 e=
1273 4142 1413 4192 numero

125 4229 346 4327 rquempiam.
393 4227 496 4306 Mitto
520 4230 860 4328 igitur‚nremorattrm
885 4226 950 4300 iarn
976 4249 995 4295 a
1019 4223 1111 4296 nobit
1145 4223 1324 4321 Georgium
1356 4222 1416 4286 le·

716 4325 848 4400 Nn
1070 4347 1075 4355 ’
1356 4316 1415 4390 bu·

174 4530 240 4598 aa·
262 4511 339 4606 Μ,
355 4529 387 4597 r·
406 4522 470 4594 aa
