4110 5742
597 587 657 660 m
1002 555 1428 640 runcrcuuuu

385 665 471 753 rm.
498 678 590 732 suu·

387 769 508 818 ΜΒ
1137 787 1165 836 u.
1191 763 1231 836 C.
1257 784 1335 856 ¹¹5⁰·

387 839 495 910 cm
601 885 658 960 Τ
690 893 699 912 “
747 912 803 963 eor
827 913 862 962 m
901 889 1067 964 hiaretur
1112 886 1167 962 vel
1191 887 1257 960 aliis
1282 871 1490 959 machinandi
1514 875 1629 958 audior
1652 877 1752 962 effer·
1775 879 1879 963 utfi-

596 917 672 1066 ibit
688 915 805 1064 ibrum
829 916 959 1091 pdiieri¹
970 939 1133 1090 perpeirris
1158 989 1368 1063 monimentis
1385 985 1425 1056 ab
1445 982 1633 1060 iuuudeudis
1653 942 1810 1074 Rombnis
1823 989 1878 1064 de·

594 1109 796 1166 terrerentur.
844 1092 935 1166 Idem
961 1109 1000 1164 eu
1028 1081 1567 1168 rurciimietisunr,uun11etii
1597 1089 1707 1161 litteris
1739 1087 1781 1162 od
1812 1089 1880 1164 bel·

594 1190 665 1268 lum
692 1193 879 1267 Alemannis
912 1189 1099 1264 laciendum
1140 1191 1300 1263 concisuri.
1349 1191 1462 1286 ltaque
1495 1189 1596 1259 ‘circo
1636 1193 1780 1286 Bathym
1804 1193 1877 1273 ol,

595 1291 780 1386 Pamplanu
804 1289 836 1358 bi
863 1291 1008 1393 quodum
1034 1291 1140 1372 duce,
1163 1288 1291 1390 proelio
1315 1289 1488 1372 citiores,
1518 1287 1639 1361 multos
1676 1289 1877 1364 oeciderunt.

594 1387 660 1466 sed
686 1419 763 1465 cum
791 1417 865 1467 eam
893 1419 1029 1492 quoque
1054 1409 1178 1489 partem
1203 1383 1339 1490 aggreffi
1352 1383 1475 1468 eliens,
1499 1411 1582 1484 quae
1594 1393 1771 1492 Phrygum
1785 1413 1878 1492 proe-

593 1491 727 1574 teribut‚
752 1495 910 1591 opinione
932 1489 985 1566 suu
1011 1489 1165 1591 decepti,
1189 1494 1354 1563 interitum
1377 1487 1481 1585 louge
1502 1509 1671 1564 remotum
1696 1494 1780 1567 virro
1815 1485 1874 1564 fibi

593 1589 844 1679 orceffiueruut,
873 1597 906 1664 iu
931 1593 1066 1667 ioueam
1099 1587 1231 1690 illapsi,
1263 1613 1364 1690 quam
1397 1581 1459 1658 suis
1497 1591 1646 1667 uentribus
1683 1589 1875 1667 effoderunt.

591 1693 710 1792 Neque
735 1697 825 1766 euim
848 1699 943 1765 omui
967 1697 1081 1768 iniuria
1105 1691 1296 1764 abstinentes
1318 1681 1489 1786 Iacess‘endi
1512 1711 1625 1772 erent,
1651 1695 1878 1778 necediraru,

595 1789 639 1878 ud
667 1791 779 1866 coedes
802 1791 999 1866 concitandi.
1048 1803 1174 1868 Verum
1199 1789 1242 1866 illi
1269 1783 1398 1860 &usura
1421 1786 1539 1886 phalari
1564 1797 1642 1864 ein
1673 1799 1748 1894 ripis
1780 1799 1876 1868 Μαο-

600 1890 691 1964 andri
716 1891 858 1966 fluminis
885 1891 1027 1984 ssantes,
1050 1897 1242 1966 latinorum
1266 1891 1442 1962 exercitum
1467 1817 1599 1964 mutim
1622 1897 1838 1992 prohibebant
1863 1923 1874 1965 ι

623 1996 655 2062 ui
683 2019 760 2064 cum
785 1994 937 2065 omnibus
961 1997 1185 2092 temporibus,
1209 1993 1255 2066 ob
1277 1994 1414 2064 vortices
1431 1997 1578 2063 etvarios
1591 1990 1749 2070 eufradius
1763 2047 1780 2079 ,.
1800 2019 1877 2069 nou

594 2015 713 2192 vqbique
737 2087 830 2166 facile
854 2089 1044 2192 superetur,
1067 2115 1137 2166 tum
1163 2090 1261 2192 piane
1283 2086 1406 2162 transui
1430 2115 1502 2161 nou
1530 2112 1669 2192 poteret.

697 2193 742 2262 lbi
768 2191 981 2267 occidentales
1006 2199 1122 2292 copiae
1144 2189 1210 2292 ipsa
1233 2219 1272 2264 re
1295 2187 1523 2274 declararunt,
1558 2200 1708 2290 patientia
1736 2189 1793 2266 fiis
1826 2189 1875 2274 seq

594 2292 686 2366 dium
705 2287 790 2379 eliis,
816 2299 990 2392 quominus
1002 2297 1234 2368 Rornanorrun
1249 2288 1423 2391 phalanges
1443 2289 1580 2389 praedae
1594 2292 1719 2377 effect,
1741 2321 1877 2368 eorum·

596 2395 661 2490 que
686 2392 777 2465 urbes
801 2385 1084 2478 exscinderentur,
1111 2415 1147 2468 et
1180 2397 1264 2466 ciues
1304 2385 1472 2489 pecudum
1510 2393 1612 2466 instar·
1643 2398 1874 2470 maerstem.

595 2492 684 2566 Nom
710 2517 815 2578 cum,
840 2521 920 2594 rege
944 2494 984 2566 ad
1011 2495 1155 2568 fluminis
1179 2499 1268 2592 ripas
1289 2488 1489 2573 accederem.
1508 2519 1620 2594 neque
1642 2525 1746 2572 naues:
1780 2521 1873 2595 pree·

593 2590 645 2666 llo
672 2587 788 2673 client,
816 2617 925 2694 neque
948 2623 1060 2694 pous;
1085 2617 1119 2667 et
1141 2597 1251 2666 Turci
1266 2641 1283 2674 e
1314 2597 1439 2690 equites.
1467 2615 1502 2665 et
1536 2595 1661 2694 pedites
1676 2596 1838 2700 ,permisti
1854 2647 1875 2682 ,

595 2693 631 2765 in
657 2692 808 2765 ulteriore
832 2700 901 2793 ripn
926 2691 1022 2767 lead
1047 2721 1193 2794 pugnum
1217 2711 1348 2792 paratos
1371 2687 1437 2763 ess'e
1457 2693 1686 2783 offenderent,
1715 2718 1750 2771 et
1778 2694 1874 2797 sugit·

592 2795 633 2864 ‘tis
656 2785 800 2866 frontem
824 2799 979 2868 exercitus
1003 2794 1142 2870 fluuium
1168 2797 1398 2894 praetereuntis
1418 2795 1633 2896 attingerent:
1652 2799 1874 2898 tumquidouu
1920 2847 1923 2852 -

589 2889 726 2994 paulum
748 2897 818 2969 acie
837 2922 860 2971 u
883 2895 985 2974 fluuio
1009 2891 1162 3015 subdubia
1175 2950 1192 2982 ,
1212 2915 1305 2969 elstra.⁴
1326 2891 1384 2968 teli
1402 2895 1529 2974 istrum
1550 2893 1651 2970 c'aliru
1671 2895 1806 3001 posuit„
1824 2915 1877 2971 ur·

1007 3021 1010 3027 ’
1801 3025 1873 3101 ‘1¹¹⁸‘

732 3195 893 3276 mitteret,
916 3200 976 3286 qui
993 3197 1181 3284 monstraret·
1198 3199 1307 3275 uiam,
1329 3203 1365 3262 et
1383 3205 1455 3262 tuto·
1473 3198 1576 3284 copias
1592 3195 1676 3276 suar·
1698 3195 1864 3282 deduceret.

723 3279 868 3346 Mittitur
890 3285 993 3369 itaque
1014 3291 1067 3370 qui
1090 3284 1134 3347 ad
1158 3281 1194 3346 id
1214 3294 1336 3367 tempus
1356 3281 1500 3346 Acolutlui
1523 3287 1673 3368 dignitate
1682 3283 1863 3371 furibusfu-

726 3375 817 3442 erat,
840 3367 915 3432 dato
937 3371 999 3457 insu
1019 3392 1053 3434 er
1075 3367 1243 3444 mandato,
1267 3378 1302 3433 vt
1325 3367 1362 3432 de
1382 3367 1447 3431 belli
1470 3372 1563 3436 etrum
1577 3366 1863 3452 fircietoteiumndo

717 3467 786 3512 cum
814 3452 954 3518 Conrado
970 3391 1315 3537 fii-monesconserrrtr·
1333 3471 1427 3537 quom
1443 3451 1472 3537 fi
1486 3455 1533 3522 ille
1545 3457 1743 3536 admitteret,
1768 3479 1864 3543 quon-

723 3533 765 3600 do
806 3539 886 3602 idem
912 3539 1046 3606 Romani
1068 3549 1098 3602 et
1122 3539 1286 3604 Alemanni
1301 3541 1392 3618 longo
1415 3539 1500 3600 inter·
1515 3539 1557 3622 se·
1583 3541 1670 3628 diuiſs
1704 3545 1863 3608 interuallo

729 3617 765 3684 be
783 3641 804 3684 a
824 3635 989 3705 gererent,
1012 3625 1133 3690 auxilia
1156 3623 1278 3708 quidem
1291 3619 1489 3708 submitteret
1515 3629 1697 3707 imperatori
1709 3676 1719 3706 ‚
1743 3627 1784 3694 ab
1807 3632 1861 3695 illo

724 3705 845 3791 vicifflm
869 3719 1049 3792 recepturus
1067 3713 1221 3774 maiorue·
1237 3709 1330 3792 uelst'
1344 3705 1489 3790 aduersus
1509 3709 1623 3794 Persas
1630 3717 1780 3796 proeliari
1791 3713 1865 3802 effe!

720 3793 864 3870 aruimus,
889 3814 984 3859 arma
1006 3817 1080 3861 cum·
1098 3798 1284 3878 imperatore
1307 3795 1498 3874 coniungeret
1508 3817 1527 3860 .··
1540 3797 1658 3864 duobus
1672 3809 1773 3864 autem
1783 3820 1862 3883 pro·

717 3877 845 3960 postlla,
869 3881 992 3958 eligeret
1014 3885 1063 3946 ille
1127 3901 1180 3944 am
1203 3881 1287 3946 uellet
1307 3879 1409 3943 emm..
1442 3877 1529 3947 Haec
1562 3882 1702 3948 comato
1731 3885 1864 3967 Steplro-

716 3979 776 4026 rrus
797 3965 958 4029 nunciavit.
998 3966 1054 4032 Ille
1088 3967 1137 4028 uis
1159 3967 1190 4030 in
1214 3967 1367 4052 confilium
1393 3963 1532 4044 corun,
1563 3971 1774 4034 commilitium
1802 3991 1861 4055 pe-

714 4047 799 4110 nitus
821 4043 978 4120 recusauit.
1024 4055 1134 4116 Itinere
1163 4071 1234 4116 uero
1262 4049 1470 4116 Philomelium
1493 4049 1595 4136 versum
1619 4056 1781 4136 instituto,
1809 4058 1860 4120 ni·

715 4125 763 4196 lu‘l
781 4133 824 4197 illi
843 4135 1000 4221 quidpiam
1030 4137 1137 4226 neutri
1158 4137 1269 4202 accidit
1281 4184 1298 4214 ,,
1317 4155 1469 4221 quousque
1491 4137 1536 4201 aa
1557 4141 1716 4222 Melongio
1737 4151 1768 4206 et
1791 4142 1860 4207 Do·

723 4223 860 4298 rylaeum
885 4223 996 4304 oppida
1020 4227 1167 4308 peruenit.
1214 4225 1291 4288 Tum
1327 4223 1406 4286 enim
1436 4221 1631 4307 Mamplanes
1656 4223 1752 4311 Persa
1786 4245 1858 4292 cum

715 4303 828 4385 exiguo
852 4311 987 4375 exercitu
1011 4309 1044 4376 iu
1062 4312 1203 4398 primam
1226 4312 1323 4376 aciem
1350 4303 1480 4372 nunus
1503 4311 1571 4397 est,
1599 4331 1659 4398 quo
1687 4315 1770 4378 uires
1802 4309 1859 4376 lra-

624 4415 674 4488 Ι)
694 4431 756 4493 usqe
778 4436 827 4479 rer
848 4417 952 4482 Mur.
