4110 5742
1010 567 1443 664 Tvuctcouvu

1067 807 1094 884 a
1119 782 1158 856 C.
1185 798 1417 870 tran-1149.

589 977 642 1052 isse
667 971 856 1054 exsecutus,
880 966 1015 1040 barbaris
1040 959 1298 1063 insequentibus,
1324 957 1477 1062 partietim
1503 949 1612 1036 cessit,
1646 979 1716 1030 non
1756 971 1868 1032 tamen

587 1085 631 1151 ita
656 1079 828 1148 inmutauit
852 1070 988 1168 fugam,
1014 1085 1048 1140 vt
1074 1061 1118 1138 sui
1144 1059 1321 1162 attingendi
1348 1057 1439 1158 spem
1465 1060 1658 1156 praeriperet
1690 1057 1868 1132 hostibus:

465 1229 477 1246 ι
588 1205 666 1250 curn
693 1177 842 1250 verosi,
867 1165 985 1241 fraudis
1013 1161 1130 1244 nescii,
1157 1161 1198 1236 ad
1223 1169 1457 1260 imperatorem
1500 1153 1598 1256 usque
1636 1154 1765 1232 fuissent
1798 1185 1869 1260 per·

588 1280 700 1357 trasii,
728 1269 807 1345 nihil
832 1268 907 1343 inde
931 1289 1040 1340 tamen
1067 1291 1107 1337 ex
1135 1269 1245 1337 animo
1272 1263 1324 1335 isse
1352 1255 1539 1334 consecutus
1566 1255 1620 1328 esi.
1670 1254 1744 1357 ipso
1778 1265 1871 1360 quip.

588 1405 633 1478 pe
658 1367 903 1450 animaduerso,
929 1367 1031 1441 statim
1057 1363 1155 1466 fisgae
1186 1359 1217 1435 se
1249 1361 1376 1435 dedere
1414 1385 1496 1431 mox
1533 1355 1676 1430 adiundsi
1715 1364 1870 1461 quinqua.

589 1483 679 1579 ginta
705 1476 772 1548 asiis
804 1465 1081 1568 subsequentibus,
1105 1487 1244 1537 nurnero
1270 1459 1407 1543 confisi,
1442 1455 1613 1532 confilium
1648 1465 1782 1558 'capiunt
1812 1487 1872 1560 op·

590 1576 741 1679 periundi
767 1574 978 1669 imperatoris.
1032 1567 1109 1650 isse,
1136 1563 1192 1637 etsi
1219 1571 1354 1640 comites
1380 1553 1620 1661 utplurimum
1651 1555 1772 1632 facinus
1810 1567 1872 1655 im·

591 1679 790 1778 probarent,
815 1667 911 1769 seque
939 1667 1118 1741 dictitarent
1144 1661 1261 1763 procul
1287 1661 1428 1736 semotos
1455 1661 1493 1732 ab
1520 1663 1684 1743 exercitu,
1709 1662 1787 1734 saxis
1816 1665 1873 1735 ba.

537 1841 543 1846 .
592 1781 706 1859 benis,
732 1801 775 1847 ne
802 1771 961 1844 tantillum
987 1765 1119 1867 quidem
1143 1763 1251 1840 donec
1282 1760 1401 1838 adesset
1431 1761 1543 1860 aliquis
1564 1813 1575 1844 ,
1599 1781 1774 1846 moratus,
1808 1791 1874 1837 vna

593 1905 671 1952 cum
698 1873 945 1948 sesrasiocratore
972 1863 1153 1967 insequitur.
1205 1865 1270 1936 Vbi
1296 1888 1398 1946 vero,
1423 1857 1556 1962 fatigato
1581 1863 1775 1964 iarn1equo,
1802 1891 1875 1964 per.

593 2005 671 2080 gere
697 1975 823 2050 ulterius
849 1997 918 2044 non
969 1967 1050 2041 otest
1089 1963 1150 2039 des
1166 1961 1294 2037 ondens
1326 1969 1473 2036 susinum
1517 1957 1677 2062 saluteque
1717 1963 1876 2064 quodam.

596 2075 704 2154 modo
732 2071 912 2173 desperata,
988 2089 1070 2141 trem
1098 1991 1262 2148 obsecrat,
1288 2072 1463 2164 uxorisque
1487 2087 1524 2133 ac
1549 2059 1725 2138 liberorum
1761 2093 1875 2141 curam

595 2179 711 2257 babeat
734 2180 890 2248 hortatur.
918 2181 963 2243 At
988 2169 1039 2242 isse
1065 2163 1248 2240 succensens
1275 2160 1393 2244 fratri,
1433 2161 1694 2264 exprobransque
1729 2187 1874 2252 metum,

595 2284 749 2366 „Fratrem
774 2279 898 2375 inquit.
924 2269 1079 2344 carissime
1105 2293 1225 2350 mene,
1252 2260 1332 2340 dum
1358 2261 1511 2362 superstes
1537 2261 1621 2347 sun,
1649 2266 1806 2340 existimas
1819 2263 1874 2340 sub

595 2381 742 2456 manibus
768 2397 800 2450 te
825 2373 966 2448 hostium
992 2370 1206 2450 relidsururn?
1231 2393 1253 2438 n
1268 2363 1321 2449 si,
1348 2362 1488 2466 quaeso,
1514 2383 1581 2438 tarn
1607 2363 1739 2466 indigne
1765 2367 1807 2443 de
1821 2395 1877 2444 me

595 2476 806 2555 autfertum,
832 2493 886 2547 aut
912 2473 1051 2572 loqui„.
1077 2473 1172 2543 Tum
1206 2471 1413 2563 imperator,
1452 2473 1554 2537 Mane
1585 2470 1702 2564 igitur,
1730 2473 1791 2552 ait,
1817 2467 1879 2544 do.

598 2607 662 2656 uec
687 2599 796 2656 tecum
820 2574 968 2648 barbaros
992 2569 1205 2672 aggrediar„.
1234 2573 1277 2640 tr
1308 2569 1360 2642 isle
1380 2619 1411 2660 „7
1431 2565 1504 2639 1¹0st
1529 2571 1643 2658 initum
1689 2569 1876 2668 proeiium,

600 2683 722 2778 inquit,
749 2704 848 2776 quam
875 2681 939 2748 cito
965 2677 1055 2748 Deus
1081 2667 1233 2750 dederit,
1260 2663 1300 2737 ad
1328 2690 1360 2742 te
1385 2664 1513 2740 redibo
1534 2693 1622 2739 nunc
1649 2670 1782 2768 quidem
1815 2670 1881 2746 asia

599 2785 711 2854 animo
739 2771 969 2864 obuersantur,
993 2799 1031 2844 ac
1056 2767 1163 2842 nescio
1188 2793 1269 2868 qnae
1295 2768 1446 2866 praeclari
1473 2772 1648 2864 cuiuspiam
1671 2767 1788 2847 edendi
1801 2767 1879 2846 saci,

601 2887 691 2956 noris
716 2907 772 2951 me
795 2895 882 2951 tenet
907 2871 1006 2948 libido
1016 2922 1054 2956 ,‚.
1080 2875 1140 2944 His
1165 2867 1298 2942 fratrem
1324 2871 1506 2952 allocutus,
1529 2873 1619 2944 irttut
1643 2877 1678 2950 in
1701 2872 1817 2952 hostes.
1832 2893 1877 2952 at·

603 3008 667 3084 que
691 2977 744 3059 ille
767 2999 839 3056 turn
863 2972 950 3054 sorte
974 2971 1060 3050 casus
1086 2973 1273 3075 imperatori
1298 2973 1439 3061 obuenit.
1531 3009 1532 3012 ¹

1179 3262 1209 3360 ᾖ.
1235 3265 1306 3352 276.
1432 3231 1437 3240 ¹

705 3429 770 3516 Qui
795 3449 873 3502 vero
899 3429 932 3498 in
958 3418 1099 3510 insidiis,
1125 3433 1169 3503 vti
1182 3430 1436 3502 memorabimus
1450 3426 1507 3512 Ι),
1532 3424 1747 3530 posiderunt,
1766 3453 1879 3528 qoem·

603 3525 680 3602 darn
707 3557 726 3602 e
753 3529 977 3628 nrsgnatibus,
1003 3525 1160 3603 Cotersen
1186 3535 1344 3608 nomine,
1370 3521 1543 3602 confestim
1569 3533 1721 3628 mittunt,
1750 3537 1806 3625 qui
1824 3525 1881 3600 sci·

602 3625 785 3712 scitaretur,
812 3654 911 3727 quern
936 3629 1060 3702 exitum
1086 3628 1263 3704 habuissent
1288 3631 1326 3700 ab
1344 3621 1548 3726 ‘imperatore
1579 3647 1704 3702 tutan.
1752 3635 1881 3702 vernn

603 3734 693 3804 hunc
718 3735 892 3828 imperator
916 3726 956 3802 ad
982 3753 1037 3800 eos
1061 3729 1164 3804 rursus
1191 3725 1319 3806 missurn
1378 3755 1432 3800 am
1445 3735 1510 3804 ciro
1521 3727 1606 3804 iussit
1617 3729 1761 3802 celerare.
1786 3733 1880 3804 Prae·

604 3827 772 3929 tergressus
796 3830 847 3904 isse
872 3828 1070 3902 adiacentem
1097 3832 1242 3918 codem,
1266 3833 1330 3902 inci
1357 3833 1379 3900 't
1403 3834 1435 3901 in
1462 3853 1589 3932 agmen
1621 3827 1784 3904 Persicum
1817 3835 1881 3902 mi.

602 3930 695 4007 litum
721 3935 998 4030 quingentorum,
1026 3931 1116 4030 qnod
1141 3959 1159 4005 a
1185 3953 1277 4030 tergo
1301 3927 1389 4002 haud
1415 3933 1529 4027 procul
1554 3959 1629 4004 cum
1657 3925 1881 4004 uniuersaacie

603 4026 846 4130 subsequebatur
871 4031 1025 4104 Sultanus.
1076 4037 1149 4108 Hos
1174 4053 1208 4107 rt
1233 4031 1335 4111 vidit,
1361 4027 1481 4104 directa
1505 4031 1608 4104 statim
1634 4031 1720 4103 hasta
1752 4037 1786 4104 in
1817 4035 1881 4106 ho·

606 4129 666 4205 sies
692 4137 778 4212 ruit,
804 4129 973 4230 pluresque
996 4128 1122 4207 fortiter
1148 4129 1336 4206 dimicando
1353 4134 1392 4200 'in
1417 4129 1535 4205 terrain
1565 4126 1742 4231 prosternit.
1786 4135 1878 4208 Tan·

608 4249 680 4306 tum
702 4229 825 4308 sasinus
849 4231 996 4306 admisti
1014 4231 1082 4321 itti,
1107 4229 1214 4310 nescio
1239 4259 1307 4335 quo
1333 4231 1464 4334 siupore
1486 4227 1729 4338 p'ercuib‘surtt'.
1784 4259 1828 4410 h*
1871 4225 1894 4248 “’

1119 4367 1123 4372 ·
1541 4347 1544 4354 '
1824 4351 1885 4408 ter·

649 4569 717 4630 206.
740 4575 896 4631 crustant.
918 4583 951 4648 p.
974 4577 1020 4638 ας.
1309 4573 1349 4640 ι)
1373 4562 1420 4631 cf,
1443 4581 1522 4650 ,μ
1631 4603 1635 4612 .
