4034 5746
593 505 597 518 ’
651 557 722 642 sse
1074 547 1515 635 vuonrconvut

375 635 378 642 Ἴ
443 667 525 752 Imp.
547 681 649 732 nun·

383 981 395 1018 i

444 769 564 818 NVELE

351 853 361 872 ⁸
446 841 552 910 Come.

1128 781 1159 841 a,
1181 758 1226 832 C.
1252 730 1467 857 adr-1¹17}

649 913 841 1026 proderand¹
892 911 1098 1018 Andronicus
1118 939 1227 995 autern
1239 919 1456 1020 Lampatdas,
1481 931 1564 1020 q'uae
1577 901 1776 1017 punirentur,
1797 920 1885 1012 uiden,

652 1027 796 1108 verinis,
821 1047 884 1103 ne,
911 1017 936 1091 fi
962 1017 1028 1092 alio
1050 1022 1170 1104 abiret,
1194 1021 1346 1118 Dionyfii
1373 1027 1486 1122 copiae
1509 1018 1725 1096 Andronicum
1740 1019 1834 1096 ducem
1848 1050 1886 1122 op

648 1129 853 1228 primerent,
882 1117 1091 1195 necessiuiurn
1127 1121 1220 1198 duxit
1245 1152 1321 1198 curn
1347 1121 1415 1228 ipso
1442 1128 1599 1224 prirnsun'-
1624 1121 1773 1220 Dionyiio
1804 1151 1885 1197 mansu

653 1221 830 1302 conserere.
880 1227 1034 1324 Cumque
1059 1229 1201 1298 inuicem
1226 1245 1484 1310 concurrerent,
1526 1219 1658 1297 sublatus
1696 1233 1829 1299 continuo
1857 1225 1886 1298 ed

654 1327 799 1407 clausor.
824 1323 1043 1422 tumultusque
1076 1325 1191 1423 patum
1218 1325 1341 1414 fedius,
1361 1329 1601 1428 =inspac‘taeque
1628 1331 1688 1398 iarn
1725 1329 1755 1400 iu
1789 1329 1886 1424 clypeos

653 1427 760 1508 hastae
784 1427 940 1503 srussetim
964 1423 1106 1520 'discissae
1132 1426 1323 1504 decidebant
1349 1432 1383 1502 in
1413 1451 1541 1503 terram.
1589 1418 1723 1503 Romani
1736 1449 1842 1506 autern,
1859 1447 1887 1501 et·

653 1529 705 1615 fi,
732 1537 787 1634 qui
814 1527 869 1604 sub
894 1525 994 1601 altero
1022 1531 1121 1603 Brana
1148 1535 1239 1604 Geor
1263 1535 1295 1603 io
1321 1551 1432 1616 erasit,
1476 1535 1543 1602 iam
1577 1525 1777 1614 accessiii'ent,
1806 1521 1888 1604 faisse·

645 1635 732 1711 ‘bant
758 1653 877 1709 tamen.
927 1633 973 1701 Vt
996 1625 1030 1700 id
1057 1637 1202 1732 percepit
1228 1558 1295 1707 diu
1323 1631 1561 1716 Andronicus,
1588 1659 1651 1714 ne,
1677 1635 1734 1714 iis,
1762 1635 1807 1732 qui
1839 1651 1888 1705 cun

656 1733 839 1834 Lamparda
865 1730 1081 1818 dimicabant,
1107 1739 1248 1824 mnniuo
1274 1731 1350 1806 susis
1375 1761 1413 1807 ac
1438 1731 1601 1826 deuidiis,
1626 1753 1690 1805 tota
1728 1737 1758 1804 in
1790 1729 1815 1806 se
1843 1731 1888 1804 bats

658 1839 764 1912 moles
790 1835 1014 1922 incumberet„
1042 1861 1118 1908 cum
1145 1835 1288 1908 hossibus
1316 1841 1460 1938 pugnare
1487 1835 1639 1907 instituit:
1663 1832 1796 1934 adeoque
1826 1837 1888 1908 attor

648 1945 836 2014 concitatur
862 1933 1046 2036 proelium,
1074 1956 1108 2010 vt
1133 1941 1242 2038 primo
1268 1937 1422 2032 conflictu
1449 1941 1678 2011 Rornanorum
1724 1936 1889 2009 uidesnodo

646 2046 767 2147 ginta.
785 2040 1001 2114 'barbarorum
1024 2058 1134 2110 autern
1159 2038 1264 2110 multo
1294 2039 1414 2140 plures
1428 2037 1612 2112 ceciderint.
1661 1962 1722 2112 sed
1743 2045 1816 2112 enirn
1846 2041 1889 2113 us

645 2149 749 2240 ,mani
771 2137 947 2212 incredibili
973 2137 1149 2212 constantia
1174 2135 1357 2215 sustinentes
1388 2161 1581 2225 certarnen,
1605 2137 1732 2218 tandem
1767 2165 1813 2216 eos
1839 2163 1889 2240 pru

642 2249 725 2352 pria
751 2247 866 2322 virtute
890 2243 925 2314 in
949 2233 1064 2344 fugam
1090 2263 1262 2317 verterunt.
1776 2249 1792 2278 ’·

712 2521 714 2526 Ι
756 2433 869 2506 Tanta
893 2453 973 2504 vero
997 2427 1206 2501 barbarorum
1235 2425 1352 2502 exstitit
1375 2423 1511 2508 caedes,
1538 2445 1577 2501 ut
1602 2429 1742 2504 contecta
1756 2449 1838 2526 prope
1854 2445 1889 2496 or·

640 2523 794 2620 -cisorum
823 2527 1027 2604 cadaueribus
1051 2555 1247 2628 camporum
1295 2529 1415 2602 lanities
1438 2525 1543 2602 fuerit.
1598 2529 1700 2604 Hastis
1723 2553 1839 2626 natuque
1854 2520 1890 2594 suit

642 2637 690 2710 ,t'n
714 2633 813 2710 fruss‘a
839 2629 1022 2713 conscissis,
1047 2629 1219 2732 fradtisque
1246 2557 1380 2732 giadiis,
1408 2628 1604 2706 miserorum
1630 2639 1726 2732 capita
1750 2630 1827 2702 danis
1841 2651 1891 2698 con·

652 2737 880 2812 tundebantur.
928 2737 1026 2808 Turn
1052 2737 1148 2806 etiarn
1175 2757 1306 2833 captum
1332 2740 1367 2806 in
1393 2761 1434 2807 eo
1473 2733 1605 2835 proelio
1623 2779 1627 2786 ·
1644 2730 1805 2812 vexillum,
1832 2720 1891 2830 quod

653 2834 859 3016 prqpter'sui
885 2832 1147 2936 magnitudinem
1175 2863 1269 2907 curru
1294 2863 1312 2908 a
1337 2837 1471 2908 barbaris
1503 2837 1702 2920 vehebatur,
1725 2855 1757 2909 vt
1788 2851 1815 2903 et
1841 2833 1893 2902 Dio·

646 2962 703 3039 ny
733 2949 741 3012 i
766 2964 867 3039 equus
895 2965 970 3008 curu
998 2941 1091 3008 omni
1116 2957 1295 3024 armatura,
1321 2965 1397 3010 cum
1419 2932 1483 3037 ipse
1502 2943 1582 3021 vix,
1610 2931 1891 3036 nescioquarationu

654 3041 839 3148 periculum
872 3035 936 3110 effu
963 3033 1039 3110 isset.
1091 3033 1273 3138 Qotquot'
1290 3045 1385 3112 etiam
1410 3041 1622 3113 barbarorum
1646 3035 1753 3144 sugam
1776 3043 1839 3106 inire
1857 3054 1893 3128 po

657 3161 811 3226 tuentur,
836 3139 890 3213 vbi
915 3065 961 3212 ad
979 3138 1107 3218 flumen
1130 3167 1329 3238 peruenere,
1364 3169 1382 3212 a
1416 3137 1512 3214 'classe
1550 3146 1701 3216 Romana
1738 3143 1809 3236 capti
1842 3129 1894 3204 sint

647 3247 733 3326 sViui
764 3267 844 3344 ergo
871 3245 903 3312 in
928 3268 1044 3314 manus
1069 3264 1248 3324 venerunt,
1275 3271 1315 3316 ex
1343 3241 1474 3316 ducibus
1502 3245 1663 3344 quiden,
1689 3269 1764 3342 quos
1786 3231 1834 3334 ipsi
1856 3237 1894 3306 zu·

655 3373 759 3452 panos
785 3359 925 3424 vocant,
950 3347 1117 3444 quinque:
1142 3345 1258 3418 milites
1286 3339 1486 3444 odingenti‚
1512 3365 1610 3446 atque
1635 3351 1723 3418 iniis
1755 3339 1894 3433 complure!

655 3449 757 3528 nobili
780 3449 858 3522 loco
884 3450 975 3532 nati,
999 3443 1115 3544 aliique
1142 3445 1273 3520 illustres
1299 3451 1382 3520 viri:
1414 3448 1537 3546 aliquot
1561 3471 1670 3520 autem
1694 3445 1783 3518 millia
1806 3445 1832 3509 in
1852 3439 1895 3506 hot

655 3549 783 3656 proelio
808 3544 963 3620 cecidere
1010 3549 1124 3620 Neruo
1149 3545 1220 3620 fuit·
1237 3551 1490 3633 Rornanonsm,
1516 3555 1572 3648 qui
1604 3574 1673 3621 non
1704 3543 1791 3620 fortia
1822 3533 1895 3632 suapte

656 3679 759 3734 manu
783 3647 918 3724 ediderit
943 3643 1110 3732 facinora,
1136 3675 1213 3750 prae
1239 3656 1365 3724 caeteris
1389 3675 1499 3726 tamen
1532 3657 1670 3726 Ioannes
1710 3639 1896 3739 Contossepht¹

645 3783 717 3840 nus
740 3773 773 3828 et
798 3747 1005 3826 Andronicus
1031 3750 1234 3852 Lampardas.
1559 3769 1569 3782 ·

708 3939 711 3946 .
745 3889 821 3961 ,His
842 3881 971 3956 sirenue
998 3877 1157 3956 confectis
1182 3857 1482 3983 nebulisquoniarn
1508 3879 1615 3958 adulta
1638 3905 1707 3954 nox
1724 3892 1805 3956 erat,
1826 3873 1897 3941 inot-

653 3989 721 4070 ssra
743 3983 897 4068 coeeeffit
916 3987 1091 4064 Romanus
1114 3989 1294 4080 exercitus,
1320 3984 1465 4063 adducto
1496 4013 1538 4062 eo
1577 3987 1706 4088 captiuis
1739 3973 1899 4144 Hungaqiqp

789 4311 867 4358 eum
888 4253 998 4380 castra
1012 4287 1209 4376 uagabatur,
1231 4289 1408 4357 Pannonios
1426 4285 1573 4374 postridie
1596 4283 1713 4352 assertis
1733 4263 1899 4355 dtmmst'·

694 4435 700 4448 .
796 4377 902 4456 Rara,
925 4379 1029 4466 ducem
1052 4377 1206 4452 sollicitam
1229 4375 1384 4445 nudabat.
1407 4375 1446 4450 oh
1472 4397 1541 4442 ram
1564 4376 1663 4476 igitur
1675 4369 1818 4454 famam,
1842 4371 1899 4441 im

785 4464 1001 4645 out
1021 4461 1635 4636 retractarentur
1651 4457 1898 4624 44444·
