<?xml version="1.0" encoding="UTF-8"?>
<!DOCTYPE html PUBLIC "-//W3C//DTD XHTML 1.0 Transitional//EN"
    "http://www.w3.org/TR/xhtml1/DTD/xhtml1-transitional.dtd">
<html xmlns="http://www.w3.org/1999/xhtml" xml:lang="en" lang="en">
 <head>
  <title>
</title>
<meta http-equiv="Content-Type" content="text/html;charset=utf-8" />
  <meta name='ocr-system' content='tesseract 3.04.00' />
  <meta name='ocr-capabilities' content='ocr_page ocr_carea ocr_par ocr_line ocrx_word'/>
</head>
<body>
  <div class='ocr_page' id='page_1' title='image "./memoriaepopulor03strigoog_0315.png"; bbox 0 0 4110 5742; ppageno 0'>
   <div class='ocr_carea' id='block_1_1' title="bbox 408 697 607 782">
    <p class='ocr_par' dir='ltr' id='par_1_1' title="bbox 408 697 607 782">
     <span class='ocr_line' id='line_1_1' title="bbox 408 697 607 782; baseline -0.02 -24"><span class='ocrx_word' id='word_1_1' title='bbox 408 697 487 782; x_wconf 83' lang='lat' dir='ltr'>Imp.</span> <span class='ocrx_word' id='word_1_2' title='bbox 504 711 607 756; x_wconf 80' lang='grc' dir='ltr'>ιοΑΝ-</span> 
     </span>
    </p>
   </div>
   <div class='ocr_carea' id='block_1_2' title="bbox 409 783 596 848">
    <p class='ocr_par' dir='ltr' id='par_1_2' title="bbox 409 783 596 848">
     <span class='ocr_line' id='line_1_2' title="bbox 409 783 596 848; baseline -0.005 -2"><span class='ocrx_word' id='word_1_3' title='bbox 409 799 456 848; x_wconf 73' lang='grc' dir='ltr'>ΝΒ</span> <span class='ocrx_word' id='word_1_4' title='bbox 492 783 596 848; x_wconf 81' lang='lat' dir='ltr'>Cama·</span> 
     </span>
    </p>
   </div>
   <div class='ocr_carea' id='block_1_3' title="bbox 622 578 1462 678">
    <p class='ocr_par' dir='ltr' id='par_1_3' title="bbox 622 578 1462 678">
     <span class='ocr_line' id='line_1_3' title="bbox 622 578 1462 678; baseline -0.001 -15"><span class='ocrx_word' id='word_1_5' title='bbox 622 603 690 678; x_wconf 77' lang='lat'>304</span> <span class='ocrx_word' id='word_1_6' title='bbox 1030 578 1462 664; x_wconf 78' lang='lat' dir='ltr'>TVRCICO&#39;RVM</span> 
     </span>
    </p>
   </div>
   <div class='ocr_carea' id='block_1_4' title="bbox 1158 791 1356 869">
    <p class='ocr_par' dir='ltr' id='par_1_4' title="bbox 1158 791 1356 869">
     <span class='ocr_line' id='line_1_4' title="bbox 1158 791 1356 869; baseline 0.01 -11"><span class='ocrx_word' id='word_1_7' title='bbox 1158 811 1185 858; x_wconf 79' lang='lat' dir='ltr'>a.</span> <span class='ocrx_word' id='word_1_8' title='bbox 1210 791 1249 862; x_wconf 90' lang='lat' dir='ltr'>C.</span> <span class='ocrx_word' id='word_1_9' title='bbox 1278 800 1356 869; x_wconf 80' lang='lat'>1128.</span> 
     </span>
    </p>
   </div>
   <div class='ocr_carea' id='block_1_5' title="bbox 627 901 1908 1414">
    <p class='ocr_par' dir='ltr' id='par_1_5' title="bbox 627 901 1908 1414">
     <span class='ocr_line' id='line_1_5' title="bbox 627 901 1905 1014; baseline -0.002 -31"><span class='ocrx_word' id='word_1_10' title='bbox 627 937 691 1014; x_wconf 86' lang='lat' dir='ltr'>que</span> <span class='ocrx_word' id='word_1_11' title='bbox 716 922 864 1010; x_wconf 88' lang='lat' dir='ltr'>tempore</span> <span class='ocrx_word' id='word_1_12' title='bbox 888 932 989 1008; x_wconf 82' lang='lat' dir='ltr'>opem</span> <span class='ocrx_word' id='word_1_13' title='bbox 1013 905 1119 983; x_wconf 82' lang='lat' dir='ltr'>ferret.</span> <span class='ocrx_word' id='word_1_14' title='bbox 1167 916 1179 982; x_wconf 88' lang='lat'>1</span> <span class='ocrx_word' id='word_1_15' title='bbox 1205 917 1267 988; x_wconf 87' lang='lat' dir='ltr'>itur</span> <span class='ocrx_word' id='word_1_16' title='bbox 1286 950 1322 964; x_wconf 84' lang='lat'><em>-</em></span> <span class='ocrx_word' id='word_1_17' title='bbox 1341 907 1440 981; x_wconf 84' lang='lat' dir='ltr'>loluta</span> <span class='ocrx_word' id='word_1_18' title='bbox 1465 901 1657 994; x_wconf 81' lang='lat' dir='ltr'>obsidione,</span> <span class='ocrx_word' id='word_1_19' title='bbox 1689 907 1905 991; x_wconf 59' lang='lat' dir='ltr'>Antiochiam</span> 
     </span>
     <span class='ocr_line' id='line_1_6' title="bbox 627 937 1907 1112; baseline -0.007 -24"><span class='ocrx_word' id='word_1_20' title='bbox 627 1011 734 1088; x_wconf 83' lang='lat' dir='ltr'>uersus</span> <span class='ocrx_word' id='word_1_21' title='bbox 760 1009 971 1112; x_wconf 87' lang='lat' dir='ltr'>proficiscitur·</span> <span class='ocrx_word' id='word_1_22' title='bbox 1002 1027 1094 1083; x_wconf 64' lang='grc' dir='ltr'>ἠ·-</span> <span class='ocrx_word' id='word_1_23' title='bbox 1121 1015 1158 1081; x_wconf 91' lang='lat' dir='ltr'>In</span> <span class='ocrx_word' id='word_1_24' title='bbox 1180 937 1312 1083; x_wconf 68' lang='lat' dir='ltr'>discessu</span> <span class='ocrx_word' id='word_1_25' title='bbox 1339 1037 1356 1081; x_wconf 90' lang='lat' dir='ltr'>a</span> <span class='ocrx_word' id='word_1_26' title='bbox 1381 1012 1486 1080; x_wconf 88' lang='lat' dir='ltr'>Sezeri</span> <span class='ocrx_word' id='word_1_27' title='bbox 1527 1008 1641 1080; x_wconf 78' lang='lat' dir='ltr'>milites</span> <span class='ocrx_word' id='word_1_28' title='bbox 1678 1007 1784 1080; x_wconf 84' lang='lat' dir='ltr'>Zacaa</span> <span class='ocrx_word' id='word_1_29' title='bbox 1807 1011 1842 1079; x_wconf 73' lang='lat' dir='ltr'>a)</span> <span class='ocrx_word' id='word_1_30' title='bbox 1863 1035 1907 1088; x_wconf 71' lang='lat' dir='ltr'>et</span> 
     </span>
     <span class='ocr_line' id='line_1_7' title="bbox 628 1103 1908 1213; baseline -0.003 -25"><span class='ocrx_word' id='word_1_31' title='bbox 628 1115 767 1188; x_wconf 90' lang='lat' dir='ltr'>aliorum</span> <span class='ocrx_word' id='word_1_32' title='bbox 794 1113 957 1186; x_wconf 90' lang='lat' dir='ltr'>illullrium</span> <span class='ocrx_word' id='word_1_33' title='bbox 991 1105 1154 1185; x_wconf 81' lang='lat' dir='ltr'>Persarum</span> <span class='ocrx_word' id='word_1_34' title='bbox 1180 1103 1412 1185; x_wconf 76' lang='lat' dir='ltr'>Romanoruui</span> <span class='ocrx_word' id='word_1_35' title='bbox 1444 1131 1531 1208; x_wconf 87' lang='lat' dir='ltr'>terga</span> <span class='ocrx_word' id='word_1_36' title='bbox 1558 1106 1770 1193; x_wconf 82' lang='lat' dir='ltr'>adoriuntur,</span> <span class='ocrx_word' id='word_1_37' title='bbox 1808 1121 1908 1213; x_wconf 81' lang='lat' dir='ltr'>equis</span> 
     </span>
     <span class='ocr_line' id='line_1_8' title="bbox 631 1210 1908 1308; baseline 0.002 -22"><span class='ocrx_word' id='word_1_38' title='bbox 631 1213 796 1308; x_wconf 81' lang='lat' dir='ltr'>ocyffitnis</span> <span class='ocrx_word' id='word_1_39' title='bbox 825 1210 1064 1287; x_wconf 83' lang='lat' dir='ltr'>inloleutiffime</span> <span class='ocrx_word' id='word_1_40' title='bbox 1089 1235 1119 1286; x_wconf 86' lang='lat' dir='ltr'>et</span> <span class='ocrx_word' id='word_1_41' title='bbox 1146 1241 1220 1286; x_wconf 87' lang='lat' dir='ltr'>curu</span> <span class='ocrx_word' id='word_1_42' title='bbox 1248 1211 1378 1286; x_wconf 90' lang='lat' dir='ltr'>summo</span> <span class='ocrx_word' id='word_1_43' title='bbox 1402 1211 1631 1283; x_wconf 84' lang='lat' dir='ltr'>Romauonuu</span> <span class='ocrx_word' id='word_1_44' title='bbox 1667 1233 1832 1286; x_wconf 88' lang='lat' dir='ltr'>contemtu</span> <span class='ocrx_word' id='word_1_45' title='bbox 1864 1234 1908 1289; x_wconf 84' lang='lat' dir='ltr'>et</span> 
     </span>
     <span class='ocr_line' id='line_1_9' title="bbox 630 1305 1908 1414; baseline 0 -27"><span class='ocrx_word' id='word_1_46' title='bbox 630 1313 708 1387; x_wconf 89' lang='lat' dir='ltr'>sallu</span> <span class='ocrx_word' id='word_1_47' title='bbox 737 1313 857 1386; x_wconf 86' lang='lat' dir='ltr'>lutioso</span> <span class='ocrx_word' id='word_1_48' title='bbox 884 1337 979 1414; x_wconf 88' lang='lat' dir='ltr'>atque</span> <span class='ocrx_word' id='word_1_49' title='bbox 1011 1315 1173 1388; x_wconf 86' lang='lat' dir='ltr'>barbarico</span> <span class='ocrx_word' id='word_1_50' title='bbox 1205 1320 1358 1387; x_wconf 87' lang='lat' dir='ltr'>irruentes</span> <span class='ocrx_word' id='word_1_51' title='bbox 1397 1334 1506 1383; x_wconf 89' lang='lat' dir='ltr'>tamen</span> <span class='ocrx_word' id='word_1_52' title='bbox 1542 1305 1596 1408; x_wconf 90' lang='lat' dir='ltr'>spe</span> <span class='ocrx_word' id='word_1_53' title='bbox 1628 1307 1793 1396; x_wconf 85' lang='lat' dir='ltr'>srullrati,</span> <span class='ocrx_word' id='word_1_54' title='bbox 1827 1341 1908 1390; x_wconf 84' lang='lat' dir='ltr'>non</span> 
     </span>
    </p>
   </div>
   <div class='ocr_carea' id='block_1_6' title="bbox 594 1409 1911 1538">
    <p class='ocr_par' dir='ltr' id='par_1_6' title="bbox 594 1409 1911 1538">
     <span class='ocr_line' id='line_1_10' title="bbox 594 1409 1911 1538; baseline 0.002 -51"><span class='ocrx_word' id='word_1_55' title='bbox 594 1488 606 1538; x_wconf 52' lang='lat'>¹</span> <span class='ocrx_word' id='word_1_56' title='bbox 634 1415 738 1488; x_wconf 91' lang='lat' dir='ltr'>modo</span> <span class='ocrx_word' id='word_1_57' title='bbox 765 1417 843 1486; x_wconf 87' lang='lat' dir='ltr'>uihil</span> <span class='ocrx_word' id='word_1_58' title='bbox 870 1417 1080 1488; x_wconf 78' lang='lat' dir='ltr'>memorabile</span> <span class='ocrx_word' id='word_1_59' title='bbox 1104 1413 1289 1516; x_wconf 61' lang='lat' dir='ltr'>galerum,</span> <span class='ocrx_word' id='word_1_60' title='bbox 1313 1412 1366 1487; x_wconf 91' lang='lat' dir='ltr'>sed</span> <span class='ocrx_word' id='word_1_61' title='bbox 1391 1415 1570 1484; x_wconf 87' lang='lat' dir='ltr'>temeritatis</span> <span class='ocrx_word' id='word_1_62' title='bbox 1590 1434 1621 1482; x_wconf 93' lang='lat' dir='ltr'>et</span> <span class='ocrx_word' id='word_1_63' title='bbox 1634 1409 1815 1485; x_wconf 85' lang='lat' dir='ltr'>insolentiae</span> <span class='ocrx_word' id='word_1_64' title='bbox 1829 1411 1911 1489; x_wconf 83' lang='lat' dir='ltr'>suae</span> 
     </span>
    </p>
   </div>
   <div class='ocr_carea' id='block_1_7' title="bbox 607 1510 1914 2018">
    <p class='ocr_par' dir='ltr' id='par_1_7' title="bbox 607 1510 1914 2018">
     <span class='ocr_line' id='line_1_11' title="bbox 607 1510 1911 1617; baseline 0.001 -29"><span class='ocrx_word' id='word_1_65' title='bbox 607 1519 753 1617; x_wconf 79' lang='lat' dir='ltr'>‘poenas</span> <span class='ocrx_word' id='word_1_66' title='bbox 780 1517 907 1590; x_wconf 87' lang='lat' dir='ltr'>diuinae</span> <span class='ocrx_word' id='word_1_67' title='bbox 934 1515 1092 1590; x_wconf 64' lang='lat' dir='ltr'>vindictae</span> <span class='ocrx_word' id='word_1_68' title='bbox 1119 1515 1300 1591; x_wconf 88' lang='lat' dir='ltr'>dederuut,</span> <span class='ocrx_word' id='word_1_69' title='bbox 1327 1513 1452 1585; x_wconf 85' lang='lat' dir='ltr'>duobus</span> <span class='ocrx_word' id='word_1_70' title='bbox 1478 1539 1593 1584; x_wconf 88' lang='lat' dir='ltr'>eorum</span> <span class='ocrx_word' id='word_1_71' title='bbox 1620 1510 1749 1586; x_wconf 86' lang='lat' dir='ltr'>ducibus</span> <span class='ocrx_word' id='word_1_72' title='bbox 1781 1521 1911 1612; x_wconf 77' lang='lat' dir='ltr'>captis:</span> 
     </span>
     <span class='ocr_line' id='line_1_12' title="bbox 632 1613 1912 1716; baseline 0.002 -28"><span class='ocrx_word' id='word_1_73' title='bbox 632 1645 775 1716; x_wconf 87' lang='lat' dir='ltr'>quorum</span> <span class='ocrx_word' id='word_1_74' title='bbox 800 1627 876 1690; x_wconf 90' lang='lat' dir='ltr'>alter</span> <span class='ocrx_word' id='word_1_75' title='bbox 900 1639 966 1690; x_wconf 89' lang='lat' dir='ltr'>erat</span> <span class='ocrx_word' id='word_1_76' title='bbox 997 1619 1165 1710; x_wconf 75' lang='lat' dir='ltr'>Atapacae</span> <span class='ocrx_word' id='word_1_77' title='bbox 1188 1619 1212 1682; x_wconf 80' lang='lat' dir='ltr'>l)</span> <span class='ocrx_word' id='word_1_78' title='bbox 1243 1615 1354 1698; x_wconf 89' lang='lat' dir='ltr'>filius,</span> <span class='ocrx_word' id='word_1_79' title='bbox 1393 1613 1470 1685; x_wconf 81' lang='lat' dir='ltr'>alter</span> <span class='ocrx_word' id='word_1_80' title='bbox 1504 1614 1656 1686; x_wconf 82' lang='lat' dir='ltr'>Sarurtchi</span> <span class='ocrx_word' id='word_1_81' title='bbox 1691 1615 1731 1675; x_wconf 84' lang='lat' dir='ltr'>m)</span> <span class='ocrx_word' id='word_1_82' title='bbox 1764 1623 1912 1691; x_wconf 85' lang='lat' dir='ltr'>llmerae</span> 
     </span>
     <span class='ocr_line' id='line_1_13' title="bbox 631 1711 1912 1818; baseline -0.001 -27"><span class='ocrx_word' id='word_1_83' title='bbox 631 1721 789 1792; x_wconf 75' lang='lat' dir='ltr'>iraten—</span> <span class='ocrx_word' id='word_1_84' title='bbox 808 1723 859 1790; x_wconf 90' lang='lat' dir='ltr'>Sic</span> <span class='ocrx_word' id='word_1_85' title='bbox 880 1717 1035 1790; x_wconf 68' lang='lat' dir='ltr'>‚iullrudla</span> <span class='ocrx_word' id='word_1_86' title='bbox 1061 1723 1128 1790; x_wconf 88' lang='lat' dir='ltr'>acie</span> <span class='ocrx_word' id='word_1_87' title='bbox 1152 1715 1361 1818; x_wconf 86' lang='lat' dir='ltr'>progrediens</span> <span class='ocrx_word' id='word_1_88' title='bbox 1390 1721 1636 1808; x_wconf 65' lang='lat' dir='ltr'>¹[imperator],</span> <span class='ocrx_word' id='word_1_89' title='bbox 1663 1733 1694 1786; x_wconf 87' lang='lat' dir='ltr'>et</span> <span class='ocrx_word' id='word_1_90' title='bbox 1717 1741 1735 1785; x_wconf 89' lang='lat' dir='ltr'>a</span> <span class='ocrx_word' id='word_1_91' title='bbox 1760 1711 1812 1788; x_wconf 88' lang='lat' dir='ltr'>sua</span> <span class='ocrx_word' id='word_1_92' title='bbox 1838 1719 1912 1790; x_wconf 89' lang='lat' dir='ltr'>bel·</span> 
     </span>
     <span class='ocr_line' id='line_1_14' title="bbox 632 1811 1912 1915; baseline -0.001 -23"><span class='ocrx_word' id='word_1_93' title='bbox 632 1820 720 1892; x_wconf 92' lang='lat' dir='ltr'>landi</span> <span class='ocrx_word' id='word_1_94' title='bbox 746 1814 976 1890; x_wconf 87' lang='lat' dir='ltr'>consuetudine</span> <span class='ocrx_word' id='word_1_95' title='bbox 1000 1845 1070 1892; x_wconf 88' lang='lat' dir='ltr'>nou</span> <span class='ocrx_word' id='word_1_96' title='bbox 1084 1819 1262 1900; x_wconf 84' lang='lat' dir='ltr'>recedens,</span> <span class='ocrx_word' id='word_1_97' title='bbox 1288 1838 1411 1915; x_wconf 89' lang='lat' dir='ltr'>partem</span> <span class='ocrx_word' id='word_1_98' title='bbox 1429 1821 1706 1888; x_wconf 84' lang='lat' dir='ltr'>exercituscoutra</span> <span class='ocrx_word' id='word_1_99' title='bbox 1725 1811 1912 1892; x_wconf 80' lang='lat' dir='ltr'>lcouieuses</span> 
     </span>
     <span class='ocr_line' id='line_1_15' title="bbox 632 1915 1914 2018; baseline -0.006 -26"><span class='ocrx_word' id='word_1_100' title='bbox 632 1917 737 1992; x_wconf 82' lang='lat' dir='ltr'>l&#39;etsas</span> <span class='ocrx_word' id='word_1_101' title='bbox 762 1923 866 1990; x_wconf 90' lang='lat' dir='ltr'>mittit.</span> <span class='ocrx_word' id='word_1_102' title='bbox 917 1923 1004 1991; x_wconf 91' lang='lat' dir='ltr'>Nam</span> <span class='ocrx_word' id='word_1_103' title='bbox 1031 1927 1081 2002; x_wconf 90' lang='lat' dir='ltr'>ii,</span> <span class='ocrx_word' id='word_1_104' title='bbox 1109 1947 1184 1990; x_wconf 92' lang='lat' dir='ltr'>cum</span> <span class='ocrx_word' id='word_1_105' title='bbox 1218 1921 1343 2012; x_wconf 80' lang='lat' dir='ltr'>Syriam</span> <span class='ocrx_word' id='word_1_106' title='bbox 1376 1915 1622 2018; x_wconf 73' lang='lat' dir='ltr'>ingrederetur,</span> <span class='ocrx_word' id='word_1_107' title='bbox 1655 1935 1779 2014; x_wconf 83' lang='lat' dir='ltr'>arrepta</span> <span class='ocrx_word' id='word_1_108' title='bbox 1811 1946 1914 1993; x_wconf 83' lang='lat' dir='ltr'>occa.</span> 
     </span>
    </p>
   </div>
   <div class='ocr_carea' id='block_1_8' title="bbox 605 2013 1914 2118">
    <p class='ocr_par' dir='ltr' id='par_1_8' title="bbox 605 2013 1914 2118">
     <span class='ocr_line' id='line_1_16' title="bbox 605 2013 1914 2118; baseline -0.005 -24"><span class='ocrx_word' id='word_1_109' title='bbox 605 2019 747 2116; x_wconf 77' lang='lat' dir='ltr'>lione,</span> <span class='ocrx_word' id='word_1_110' title='bbox 773 2017 1004 2092; x_wconf 74' lang='lat' dir='ltr'>incursionibus</span> <span class='ocrx_word' id='word_1_111' title='bbox 1030 2023 1199 2093; x_wconf 87' lang='lat' dir='ltr'>Romanos</span> <span class='ocrx_word' id='word_1_112' title='bbox 1224 2015 1417 2092; x_wconf 77' lang='lat' dir='ltr'>infestabant.</span> <span class='ocrx_word' id='word_1_113' title='bbox 1465 2022 1515 2090; x_wconf 87' lang='lat' dir='ltr'>Eo</span> <span class='ocrx_word' id='word_1_114' title='bbox 1542 2022 1636 2114; x_wconf 84' lang='lat' dir='ltr'>igitur</span> <span class='ocrx_word' id='word_1_115' title='bbox 1663 2013 1777 2088; x_wconf 88' lang='lat' dir='ltr'>iufello</span> <span class='ocrx_word' id='word_1_116' title='bbox 1803 2028 1914 2118; x_wconf 72' lang='lat' dir='ltr'>agmi-</span> 
     </span>
    </p>
   </div>
   <div class='ocr_carea' id='block_1_9' title="bbox 632 2119 1914 2502">
    <p class='ocr_par' dir='ltr' id='par_1_9' title="bbox 632 2119 1914 2502">
     <span class='ocr_line' id='line_1_17' title="bbox 634 2119 1914 2221; baseline -0.002 -28"><span class='ocrx_word' id='word_1_117' title='bbox 634 2147 677 2194; x_wconf 89' lang='lat' dir='ltr'>ne</span> <span class='ocrx_word' id='word_1_118' title='bbox 707 2121 872 2218; x_wconf 80' lang='lat' dir='ltr'>luperato,</span> <span class='ocrx_word' id='word_1_119' title='bbox 901 2147 1015 2221; x_wconf 82' lang='lat' dir='ltr'>agrum</span> <span class='ocrx_word' id='word_1_120' title='bbox 1041 2121 1191 2194; x_wconf 89' lang='lat' dir='ltr'>hollilem</span> <span class='ocrx_word' id='word_1_121' title='bbox 1224 2119 1423 2219; x_wconf 81' lang='lat' dir='ltr'>populatur,</span> <span class='ocrx_word' id='word_1_122' title='bbox 1456 2119 1561 2188; x_wconf 84' lang='lat' dir='ltr'>inultis</span> <span class='ocrx_word' id='word_1_123' title='bbox 1594 2143 1623 2187; x_wconf 86' lang='lat' dir='ltr'>et</span> <span class='ocrx_word' id='word_1_124' title='bbox 1656 2121 1839 2192; x_wconf 89' lang='lat' dir='ltr'>homiuibus</span> <span class='ocrx_word' id='word_1_125' title='bbox 1876 2142 1914 2198; x_wconf 83' lang='lat' dir='ltr'>et</span> 
     </span>
     <span class='ocr_line' id='line_1_18' title="bbox 632 2211 1914 2320; baseline -0.005 -24"><span class='ocrx_word' id='word_1_126' title='bbox 632 2226 781 2296; x_wconf 85' lang='lat' dir='ltr'>iumentis</span> <span class='ocrx_word' id='word_1_127' title='bbox 808 2225 914 2294; x_wconf 88' lang='lat' dir='ltr'>omnis</span> <span class='ocrx_word' id='word_1_128' title='bbox 940 2229 1063 2313; x_wconf 74' lang='lat' dir='ltr'>peneris</span> <span class='ocrx_word' id='word_1_129' title='bbox 1088 2227 1195 2320; x_wconf 86' lang='lat' dir='ltr'>captis.</span> <span class='ocrx_word' id='word_1_130' title='bbox 1242 2211 1350 2320; x_wconf 63' lang='lat' dir='ltr'>Atque</span> <span class='ocrx_word' id='word_1_131' title='bbox 1373 2224 1454 2291; x_wconf 89' lang='lat' dir='ltr'>haec</span> <span class='ocrx_word' id='word_1_132' title='bbox 1478 2245 1539 2292; x_wconf 90' lang='lat' dir='ltr'>vna</span> <span class='ocrx_word' id='word_1_133' title='bbox 1570 2217 1777 2317; x_wconf 81' lang='lat' dir='ltr'>expeditione</span> <span class='ocrx_word' id='word_1_134' title='bbox 1803 2217 1914 2297; x_wconf 70' lang='lat' dir='ltr'>versus</span> 
     </span>
     <span class='ocr_line' id='line_1_19' title="bbox 634 2317 1913 2432; baseline 0.001 -37"><span class='ocrx_word' id='word_1_135' title='bbox 634 2328 791 2395; x_wconf 82' lang='lat' dir='ltr'>orientem</span> <span class='ocrx_word' id='word_1_136' title='bbox 817 2319 917 2394; x_wconf 87' lang='lat' dir='ltr'>solem</span> <span class='ocrx_word' id='word_1_137' title='bbox 945 2321 1024 2394; x_wconf 86' lang='lat' dir='ltr'>bella</span> <span class='ocrx_word' id='word_1_138' title='bbox 1050 2327 1184 2394; x_wconf 87' lang='lat' dir='ltr'>loannes</span> <span class='ocrx_word' id='word_1_139' title='bbox 1210 2325 1350 2392; x_wconf 88' lang='lat' dir='ltr'>triennio</span> <span class='ocrx_word' id='word_1_140' title='bbox 1372 2317 1486 2423; x_wconf 85' lang='lat' dir='ltr'>geffrt,</span> <span class='ocrx_word' id='word_1_141' title='bbox 1511 2345 1591 2420; x_wconf 84' lang='lat' dir='ltr'>quae</span> <span class='ocrx_word' id='word_1_142' title='bbox 1618 2321 1913 2432; x_wconf 72' lang='lat' dir='ltr'>otnttiumlinguaa</span> 
     </span>
     <span class='ocr_line' id='line_1_20' title="bbox 636 2426 1513 2502; baseline 0 -8"><span class='ocrx_word' id='word_1_143' title='bbox 636 2443 668 2496; x_wconf 87' lang='lat' dir='ltr'>et</span> <span class='ocrx_word' id='word_1_144' title='bbox 692 2447 816 2498; x_wconf 82' lang='lat' dir='ltr'>memes</span> <span class='ocrx_word' id='word_1_145' title='bbox 843 2427 995 2500; x_wconf 79' lang='lat' dir='ltr'>annuam</span> <span class='ocrx_word' id='word_1_146' title='bbox 1020 2426 1056 2498; x_wconf 79' lang='lat' dir='ltr'>in</span> <span class='ocrx_word' id='word_1_147' title='bbox 1079 2449 1157 2502; x_wconf 84' lang='lat' dir='ltr'>eum</span> <span class='ocrx_word' id='word_1_148' title='bbox 1181 2439 1419 2498; x_wconf 78' lang='lat' dir='ltr'>conuerterant.</span> <span class='ocrx_word' id='word_1_149' title='bbox 1507 2431 1513 2440; x_wconf 87' lang='lat'>&#39;</span> 
     </span>
    </p>
   </div>
   <div class='ocr_carea' id='block_1_10' title="bbox 740 2629 1916 2854">
    <p class='ocr_par' dir='ltr' id='par_1_10' title="bbox 740 2629 1916 2854">
     <span class='ocr_line' id='line_1_21' title="bbox 740 2629 1916 2854; baseline 0 -28"><span class='ocrx_word' id='word_1_150' title='bbox 740 2753 805 2828; x_wconf 84' lang='lat' dir='ltr'>Sub</span> <span class='ocrx_word' id='word_1_151' title='bbox 831 2749 863 2822; x_wconf 91' lang='lat' dir='ltr'>id</span> <span class='ocrx_word' id='word_1_152' title='bbox 889 2771 1015 2854; x_wconf 85' lang='lat' dir='ltr'>tempus</span> <span class='ocrx_word' id='word_1_153' title='bbox 1040 2748 1138 2826; x_wconf 84' lang='lat' dir='ltr'>frater</span> <span class='ocrx_word' id='word_1_154' title='bbox 1153 2629 1525 2828; x_wconf 33' lang='lat' dir='ltr'>*lsalsitisslebastoraor</span> <span class='ocrx_word' id='word_1_155' title='bbox 1553 2741 1593 2818; x_wconf 89' lang='lat' dir='ltr'>ad</span> <span class='ocrx_word' id='word_1_156' title='bbox 1619 2749 1848 2847; x_wconf 77' lang='lat' dir='ltr'>imperatorem</span> <span class='ocrx_word' id='word_1_157' title='bbox 1862 2775 1916 2825; x_wconf 86' lang='lat' dir='ltr'>re·</span> 
     </span>
    </p>
   </div>
   <div class='ocr_carea' id='block_1_11' title="bbox 481 2845 1917 3057">
    <p class='ocr_par' dir='ltr' id='par_1_11' title="bbox 481 2833 1917 3057">
     <span class='ocr_line' id='line_1_22' title="bbox 481 2845 1917 2956; baseline 0 -32"><span class='ocrx_word' id='word_1_158' title='bbox 481 2851 486 2864; x_wconf 84' lang='lat'>&#39;</span> <span class='ocrx_word' id='word_1_159' title='bbox 640 2851 761 2927; x_wconf 87' lang='lat' dir='ltr'>diit-.</span> <span class='ocrx_word' id='word_1_160' title='bbox 788 2857 875 2928; x_wconf 83' lang='lat' dir='ltr'>Nam</span> <span class='ocrx_word' id='word_1_161' title='bbox 902 2881 941 2927; x_wconf 89' lang='lat' dir='ltr'>ex</span> <span class='ocrx_word' id='word_1_162' title='bbox 967 2881 1065 2954; x_wconf 87' lang='lat' dir='ltr'>parua</span> <span class='ocrx_word' id='word_1_163' title='bbox 1090 2853 1232 2956; x_wconf 88' lang='lat' dir='ltr'>quadam</span> <span class='ocrx_word' id='word_1_164' title='bbox 1258 2847 1380 2926; x_wconf 83' lang='lat' dir='ltr'>offensa</span> <span class='ocrx_word' id='word_1_165' title='bbox 1407 2845 1545 2922; x_wconf 89' lang='lat' dir='ltr'>diuulsus</span> <span class='ocrx_word' id='word_1_166' title='bbox 1571 2873 1588 2917; x_wconf 91' lang='lat' dir='ltr'>a</span> <span class='ocrx_word' id='word_1_167' title='bbox 1613 2845 1732 2933; x_wconf 83' lang='lat' dir='ltr'>sratre,</span> <span class='ocrx_word' id='word_1_168' title='bbox 1761 2879 1836 2926; x_wconf 88' lang='lat' dir='ltr'>cum</span> <span class='ocrx_word' id='word_1_169' title='bbox 1857 2859 1917 2924; x_wconf 92' lang='lat' dir='ltr'>lo·</span> 
     </span>
     <span class='ocr_line' id='line_1_23' title="bbox 578 2947 1912 3057; baseline 0.001 -32"><span class='ocrx_word' id='word_1_170' title='bbox 578 2965 582 2974; x_wconf 93' lang='grc'><strong>’</strong></span> <span class='ocrx_word' id='word_1_171' title='bbox 638 2980 722 3025; x_wconf 84' lang='lat' dir='ltr'>arure</span> <span class='ocrx_word' id='word_1_172' title='bbox 749 2952 819 3028; x_wconf 82' lang='lat' dir='ltr'>silio</span> <span class='ocrx_word' id='word_1_173' title='bbox 845 2961 910 3032; x_wconf 86' lang='lat' dir='ltr'>eius</span> <span class='ocrx_word' id='word_1_174' title='bbox 936 2961 1181 3057; x_wconf 83' lang='lat' dir='ltr'>primogenito,</span> <span class='ocrx_word' id='word_1_175' title='bbox 1209 2983 1248 3028; x_wconf 91' lang='lat' dir='ltr'>ex</span> <span class='ocrx_word' id='word_1_176' title='bbox 1273 2959 1503 3028; x_wconf 86' lang='lat' dir='ltr'>Romanorum</span> <span class='ocrx_word' id='word_1_177' title='bbox 1535 2947 1651 3020; x_wconf 87' lang='lat' dir='ltr'>finibus</span> <span class='ocrx_word' id='word_1_178' title='bbox 1690 2958 1721 3021; x_wconf 90' lang='lat' dir='ltr'>iu</span> <span class='ocrx_word' id='word_1_179' title='bbox 1760 2953 1912 3028; x_wconf 78' lang='lat' dir='ltr'>exsilium</span> 
     </span>
    </p>
   </div>
   <div class='ocr_carea' id='block_1_12' title="bbox 637 3043 1916 3656">
    <p class='ocr_par' dir='ltr' id='par_1_12' title="bbox 637 3043 1916 3656">
     <span class='ocr_line' id='line_1_24' title="bbox 637 3043 1914 3150; baseline 0.003 -24"><span class='ocrx_word' id='word_1_180' title='bbox 637 3058 761 3130; x_wconf 85' lang='lat' dir='ltr'>abierat.</span> <span class='ocrx_word' id='word_1_181' title='bbox 813 3063 890 3130; x_wconf 85' lang='lat' dir='ltr'>Erat</span> <span class='ocrx_word' id='word_1_182' title='bbox 915 3080 1022 3130; x_wconf 90' lang='lat' dir='ltr'>autem</span> <span class='ocrx_word' id='word_1_183' title='bbox 1047 3065 1095 3132; x_wconf 84' lang='lat' dir='ltr'>uir</span> <span class='ocrx_word' id='word_1_184' title='bbox 1119 3043 1282 3130; x_wconf 80' lang='lat' dir='ltr'>bellicosus</span> <span class='ocrx_word' id='word_1_185' title='bbox 1310 3050 1480 3150; x_wconf 82' lang='lat' dir='ltr'>erfonis,</span> <span class='ocrx_word' id='word_1_186' title='bbox 1508 3073 1640 3148; x_wconf 84' lang='lat' dir='ltr'>procera</span> <span class='ocrx_word' id='word_1_187' title='bbox 1666 3051 1779 3128; x_wconf 88' lang='lat' dir='ltr'>llatura</span> <span class='ocrx_word' id='word_1_188' title='bbox 1801 3051 1914 3130; x_wconf 89' lang='lat' dir='ltr'>etfor·</span> 
     </span>
     <span class='ocr_line' id='line_1_25' title="bbox 637 3147 1915 3257; baseline 0.002 -29"><span class='ocrx_word' id='word_1_189' title='bbox 637 3183 693 3228; x_wconf 85' lang='lat' dir='ltr'>ma</span> <span class='ocrx_word' id='word_1_190' title='bbox 718 3155 843 3230; x_wconf 90' lang='lat' dir='ltr'>visenda</span> <span class='ocrx_word' id='word_1_191' title='bbox 872 3159 1050 3257; x_wconf 83' lang='lat' dir='ltr'>praeditus:</span> <span class='ocrx_word' id='word_1_192' title='bbox 1077 3165 1131 3257; x_wconf 89' lang='lat' dir='ltr'>qui</span> <span class='ocrx_word' id='word_1_193' title='bbox 1156 3157 1298 3230; x_wconf 89' lang='lat' dir='ltr'>eumad</span> <span class='ocrx_word' id='word_1_194' title='bbox 1324 3155 1396 3227; x_wconf 87' lang='lat' dir='ltr'>alias</span> <span class='ocrx_word' id='word_1_195' title='bbox 1422 3172 1532 3252; x_wconf 83' lang='lat' dir='ltr'>gentes</span> <span class='ocrx_word' id='word_1_196' title='bbox 1556 3147 1740 3236; x_wconf 75' lang='lat' dir='ltr'>transierat,</span> <span class='ocrx_word' id='word_1_197' title='bbox 1766 3179 1836 3228; x_wconf 93' lang='lat' dir='ltr'>tum</span> <span class='ocrx_word' id='word_1_198' title='bbox 1870 3155 1915 3230; x_wconf 88' lang='lat' dir='ltr'>ad</span> 
     </span>
     <span class='ocr_line' id='line_1_26' title="bbox 639 3247 1914 3358; baseline 0.001 -29"><span class='ocrx_word' id='word_1_199' title='bbox 639 3258 813 3329; x_wconf 83' lang='lat' dir='ltr'>lconieulis</span> <span class='ocrx_word' id='word_1_200' title='bbox 837 3261 1026 3358; x_wconf 88' lang='lat' dir='ltr'>metropolis</span> <span class='ocrx_word' id='word_1_201' title='bbox 1051 3253 1230 3357; x_wconf 78' lang='lat' dir='ltr'>satrapam,</span> <span class='ocrx_word' id='word_1_202' title='bbox 1263 3255 1394 3329; x_wconf 90' lang='lat' dir='ltr'>subinde</span> <span class='ocrx_word' id='word_1_203' title='bbox 1433 3251 1473 3324; x_wconf 92' lang='lat' dir='ltr'>ad</span> <span class='ocrx_word' id='word_1_204' title='bbox 1513 3247 1713 3326; x_wconf 76' lang='lat' dir='ltr'>incursandos</span> <span class='ocrx_word' id='word_1_205' title='bbox 1745 3262 1914 3330; x_wconf 81' lang='lat' dir='ltr'>Romanas</span> 
     </span>
     <span class='ocr_line' id='line_1_27' title="bbox 641 3350 1916 3458; baseline 0.003 -30"><span class='ocrx_word' id='word_1_206' title='bbox 641 3362 824 3458; x_wconf 88' lang='lat' dir='ltr'>prouincias</span> <span class='ocrx_word' id='word_1_207' title='bbox 849 3381 880 3432; x_wconf 88' lang='lat' dir='ltr'>et</span> <span class='ocrx_word' id='word_1_208' title='bbox 904 3387 953 3432; x_wconf 84' lang='lat' dir='ltr'>rea</span> <span class='ocrx_word' id='word_1_209' title='bbox 980 3367 1106 3432; x_wconf 87' lang='lat' dir='ltr'>loannis</span> <span class='ocrx_word' id='word_1_210' title='bbox 1138 3358 1308 3430; x_wconf 77' lang='lat' dir='ltr'>turbandae</span> <span class='ocrx_word' id='word_1_211' title='bbox 1340 3361 1506 3428; x_wconf 86' lang='lat' dir='ltr'>incitatus.</span> <span class='ocrx_word' id='word_1_212' title='bbox 1558 3350 1622 3424; x_wconf 86' lang='lat' dir='ltr'>Sed</span> <span class='ocrx_word' id='word_1_213' title='bbox 1664 3357 1736 3454; x_wconf 84' lang='lat' dir='ltr'>quia</span> <span class='ocrx_word' id='word_1_214' title='bbox 1775 3363 1916 3458; x_wconf 78' lang='lat' dir='ltr'>pecunia</span> 
     </span>
     <span class='ocr_line' id='line_1_28' title="bbox 643 3452 1914 3557; baseline 0.002 -27"><span class='ocrx_word' id='word_1_215' title='bbox 643 3459 756 3557; x_wconf 83' lang='lat' dir='ltr'>egebat</span> <span class='ocrx_word' id='word_1_216' title='bbox 804 3480 835 3530; x_wconf 86' lang='lat' dir='ltr'>et</span> <span class='ocrx_word' id='word_1_217' title='bbox 862 3466 904 3530; x_wconf 86' lang='lat' dir='ltr'>itu</span> <span class='ocrx_word' id='word_1_218' title='bbox 931 3483 1037 3531; x_wconf 75' lang='lat' dir='ltr'>ector</span> <span class='ocrx_word' id='word_1_219' title='bbox 1064 3469 1194 3532; x_wconf 87' lang='lat' dir='ltr'>loannes</span> <span class='ocrx_word' id='word_1_220' title='bbox 1219 3477 1372 3557; x_wconf 88' lang='lat' dir='ltr'>perpetua</span> <span class='ocrx_word' id='word_1_221' title='bbox 1397 3463 1441 3534; x_wconf 87' lang='lat' dir='ltr'>rei</span> <span class='ocrx_word' id='word_1_222' title='bbox 1467 3452 1596 3526; x_wconf 89' lang='lat' dir='ltr'>bellicae</span> <span class='ocrx_word' id='word_1_223' title='bbox 1625 3455 1719 3528; x_wconf 89' lang='lat' dir='ltr'>laude</span> <span class='ocrx_word' id='word_1_224' title='bbox 1750 3459 1914 3533; x_wconf 88' lang='lat' dir='ltr'>llorebat:</span> 
     </span>
     <span class='ocr_line' id='line_1_29' title="bbox 640 3486 1915 3656; baseline -0.006 -24"><span class='ocrx_word' id='word_1_225' title='bbox 640 3559 699 3656; x_wconf 81' lang='lat' dir='ltr'>ipfi</span> <span class='ocrx_word' id='word_1_226' title='bbox 727 3559 805 3632; x_wconf 88' lang='lat' dir='ltr'>nihil</span> <span class='ocrx_word' id='word_1_227' title='bbox 831 3587 869 3631; x_wconf 90' lang='lat' dir='ltr'>ex</span> <span class='ocrx_word' id='word_1_228' title='bbox 900 3486 1049 3633; x_wconf 62' lang='lat' dir='ltr'>linteum</span> <span class='ocrx_word' id='word_1_229' title='bbox 1076 3557 1285 3642; x_wconf 81' lang='lat' dir='ltr'>succedebat,</span> <span class='ocrx_word' id='word_1_230' title='bbox 1310 3585 1347 3628; x_wconf 86' lang='lat' dir='ltr'>ac</span> <span class='ocrx_word' id='word_1_231' title='bbox 1374 3583 1403 3655; x_wconf 81' lang='lat' dir='ltr'>pt</span> <span class='ocrx_word' id='word_1_232' title='bbox 1418 3561 1477 3628; x_wconf 84' lang='lat' dir='ltr'>tius</span> <span class='ocrx_word' id='word_1_233' title='bbox 1509 3579 1624 3626; x_wconf 89' lang='lat' dir='ltr'>ornnes</span> <span class='ocrx_word' id='word_1_234' title='bbox 1663 3559 1701 3634; x_wconf 88' lang='lat' dir='ltr'>ab</span> <span class='ocrx_word' id='word_1_235' title='bbox 1740 3587 1781 3634; x_wconf 92' lang='lat' dir='ltr'>eo</span> <span class='ocrx_word' id='word_1_236' title='bbox 1816 3559 1915 3633; x_wconf 79' lang='lat' dir='ltr'>refili-</span> 
     </span>
    </p>
   </div>
   <div class='ocr_carea' id='block_1_13' title="bbox 641 3653 1914 3837">
    <p class='ocr_par' dir='ltr' id='par_1_13' title="bbox 641 3653 1914 3837">
     <span class='ocr_line' id='line_1_30' title="bbox 641 3653 1914 3834; baseline 0.002 -100"><span class='ocrx_word' id='word_1_237' title='bbox 641 3664 758 3734; x_wconf 88' lang='lat' dir='ltr'>ebent:</span> <span class='ocrx_word' id='word_1_238' title='bbox 784 3685 938 3737; x_wconf 90' lang='lat' dir='ltr'>conatum</span> <span class='ocrx_word' id='word_1_239' title='bbox 965 3661 1056 3736; x_wconf 91' lang='lat' dir='ltr'>illum</span> <span class='ocrx_word' id='word_1_240' title='bbox 1083 3661 1293 3752; x_wconf 80' lang='lat' dir='ltr'>detestantes,</span> <span class='ocrx_word' id='word_1_241' title='bbox 1321 3663 1375 3759; x_wconf 93' lang='lat' dir='ltr'>qui</span> <span class='ocrx_word' id='word_1_242' title='bbox 1400 3681 1461 3729; x_wconf 87' lang='lat' dir='ltr'>nec</span> <span class='ocrx_word' id='word_1_243' title='bbox 1486 3659 1515 3728; x_wconf 86' lang='lat' dir='ltr'>ei</span> <span class='ocrx_word' id='word_1_244' title='bbox 1545 3653 1737 3756; x_wconf 84' lang='lat' dir='ltr'>expediret,</span> <span class='ocrx_word' id='word_1_245' title='bbox 1773 3660 1914 3834; x_wconf 63' lang='lat' dir='ltr'>etsipsrs</span> 
     </span>
     <span class='ocr_line' id='line_1_31' title="bbox 1817 3789 1912 3837; baseline 0.053 -5"><span class='ocrx_word' id='word_1_246' title='bbox 1817 3789 1912 3837; x_wconf 85' lang='lat' dir='ltr'>ucce-</span> 
     </span>
    </p>
   </div>
   <div class='ocr_carea' id='block_1_14' title="bbox 635 3965 1916 4575">
    <p class='ocr_par' dir='ltr' id='par_1_14' title="bbox 635 3965 1916 4575">
     <span class='ocr_line' id='line_1_32' title="bbox 681 3965 1914 4060; baseline -0.01 -18"><span class='ocrx_word' id='word_1_247' title='bbox 681 3977 731 4052; x_wconf 70' lang='grc' dir='ltr'>Ι)</span> <span class='ocrx_word' id='word_1_248' title='bbox 755 3979 834 4040; x_wconf 87' lang='lat' dir='ltr'>Inter</span> <span class='ocrx_word' id='word_1_249' title='bbox 860 3991 970 4040; x_wconf 83' lang='lat' dir='ltr'>caetere</span> <span class='ocrx_word' id='word_1_250' title='bbox 1000 3997 1146 4056; x_wconf 84' lang='lat' dir='ltr'>munera,</span> <span class='ocrx_word' id='word_1_251' title='bbox 1175 3997 1251 4060; x_wconf 79' lang='lat' dir='ltr'>quae</span> <span class='ocrx_word' id='word_1_252' title='bbox 1285 3971 1405 4038; x_wconf 72' lang='lat' dir='ltr'>meula</span> <span class='ocrx_word' id='word_1_253' title='bbox 1436 3965 1555 4051; x_wconf 72' lang='lat' dir='ltr'>direpto</span> <span class='ocrx_word' id='word_1_254' title='bbox 1587 3970 1708 4053; x_wconf 74' lang='lat' dir='ltr'>potitos</span> <span class='ocrx_word' id='word_1_255' title='bbox 1727 3967 1830 4058; x_wconf 74' lang='lat' dir='ltr'>fuiffl.</span> <span class='ocrx_word' id='word_1_256' title='bbox 1873 3975 1914 4040; x_wconf 65' lang='lat' dir='ltr'>Aa</span> 
     </span>
     <span class='ocr_line' id='line_1_33' title="bbox 639 4057 1916 4148; baseline -0.004 -24"><span class='ocrx_word' id='word_1_257' title='bbox 639 4057 1916 4148; x_wconf 46' lang='lat' dir='ltr'>mmmfflmmmmeoUQOmmm&amp;Q</span> 
     </span>
     <span class='ocr_line' id='line_1_34' title="bbox 641 4143 1738 4232; baseline -0.004 -24"><span class='ocrx_word' id='word_1_258' title='bbox 641 4143 1738 4232; x_wconf 43' lang='lat' dir='ltr'>fflmwwwfflmdwamfflmmfflwm</span> 
     </span>
     <span class='ocr_line' id='line_1_35' title="bbox 639 4235 1559 4322; baseline -0.007 -19"><span class='ocrx_word' id='word_1_259' title='bbox 639 4235 786 4310; x_wconf 79' lang='lat' dir='ltr'>Nicetes,</span> <span class='ocrx_word' id='word_1_260' title='bbox 820 4236 954 4300; x_wconf 77' lang='lat' dir='ltr'>Aiebaat</span> <span class='ocrx_word' id='word_1_261' title='bbox 984 4247 1086 4299; x_wconf 80' lang='lat' dir='ltr'>autem</span> <span class='ocrx_word' id='word_1_262' title='bbox 1115 4237 1254 4302; x_wconf 78' lang='lat' dir='ltr'>Saaeriai</span> <span class='ocrx_word' id='word_1_263' title='bbox 1317 4247 1390 4322; x_wconf 54' lang='lat'>¹1)</span> <span class='ocrx_word' id='word_1_264' title='bbox 1413 4272 1451 4308; x_wconf 67' lang='grc' dir='ltr'><strong><em>η</em></strong></span> <span class='ocrx_word' id='word_1_265' title='bbox 1472 4251 1559 4313; x_wconf 57' lang='lat' dir='ltr'>zm</span> 
     </span>
     <span class='ocr_line' id='line_1_36' title="bbox 639 4319 1250 4406; baseline -0.003 -17"><span class='ocrx_word' id='word_1_266' title='bbox 639 4319 810 4396; x_wconf 79' lang='lat' dir='ltr'>Saraceni,</span> <span class='ocrx_word' id='word_1_267' title='bbox 835 4326 968 4386; x_wconf 80' lang='lat' dir='ltr'>maiores</span> <span class='ocrx_word' id='word_1_268' title='bbox 982 4331 1058 4406; x_wconf 64' lang='lat' dir='ltr'>suos</span> <span class='ocrx_word' id='word_1_269' title='bbox 1076 4325 1148 4386; x_wconf 79' lang='lat' dir='ltr'>olim</span> <span class='ocrx_word' id='word_1_270' title='bbox 1164 4343 1250 4388; x_wconf 78' lang='lat' dir='ltr'>cruce</span> 
     </span>
     <span class='ocr_line' id='line_1_37' title="bbox 635 4408 1249 4490; baseline -0.018 -18"><span class='ocrx_word' id='word_1_271' title='bbox 635 4410 690 4472; x_wconf 81' lang='lat' dir='ltr'>illa</span> <span class='ocrx_word' id='word_1_272' title='bbox 714 4409 1001 4490; x_wconf 81' lang='lat' dir='ltr'>radianti-capto</span> <span class='ocrx_word' id='word_1_273' title='bbox 1024 4408 1164 4471; x_wconf 83' lang='lat' dir='ltr'>Romano</span> <span class='ocrx_word' id='word_1_274' title='bbox 1189 4409 1249 4474; x_wconf 85' lang='lat' dir='ltr'>Di.</span> 
     </span>
     <span class='ocr_line' id='line_1_38' title="bbox 637 4472 1620 4575; baseline -0.007 -21"><span class='ocrx_word' id='word_1_275' title='bbox 637 4511 731 4573; x_wconf 70' lang='lat' dir='ltr'>ogau</span> <span class='ocrx_word' id='word_1_276' title='bbox 763 4495 976 4574; x_wconf 71' lang='lat' dir='ltr'>imperatore,</span> <span class='ocrx_word' id='word_1_277' title='bbox 1017 4496 1136 4575; x_wconf 69' lang='lat' dir='ltr'>eiusque</span> <span class='ocrx_word' id='word_1_278' title='bbox 1166 4497 1249 4558; x_wconf 80' lang='lat' dir='ltr'>vallo</span> <span class='ocrx_word' id='word_1_279' title='bbox 1337 4472 1378 4551; x_wconf 76' lang='lat' dir='ltr'>s)</span> <span class='ocrx_word' id='word_1_280' title='bbox 1403 4491 1441 4527; x_wconf 73' lang='lat'>&#39;⁸</span> <span class='ocrx_word' id='word_1_281' title='bbox 1467 4473 1620 4530; x_wconf 56' lang='lat' dir='ltr'>mm·</span> 
     </span>
    </p>
   </div>
   <div class='ocr_carea' id='block_1_15' title="bbox 631 4579 1614 4668">
    <p class='ocr_par' dir='ltr' id='par_1_15' title="bbox 631 4579 1614 4668">
     <span class='ocr_line' id='line_1_39' title="bbox 631 4579 1614 4668; baseline 0 -22"><span class='ocrx_word' id='word_1_282' title='bbox 631 4590 830 4666; x_wconf 63' lang='lat' dir='ltr'>muto,</span> <span class='ocrx_word' id='word_1_283' title='bbox 847 4590 884 4664; x_wconf 52' lang='lat' dir='ltr'>‚es</span> <span class='ocrx_word' id='word_1_284' title='bbox 914 4581 1115 4666; x_wconf 78' lang='lat' dir='ltr'>imperatorio</span> <span class='ocrx_word' id='word_1_285' title='bbox 1142 4579 1248 4649; x_wconf 77' lang='lat' dir='ltr'>taber·</span> <span class='ocrx_word' id='word_1_286' title='bbox 1338 4583 1399 4668; x_wconf 68' lang='lat' dir='ltr'>a)</span> <span class='ocrx_word' id='word_1_287' title='bbox 1421 4605 1460 4646; x_wconf 78' lang='lat' dir='ltr'><em>u</em></span> <span class='ocrx_word' id='word_1_288' title='bbox 1491 4587 1614 4658; x_wconf 75' lang='grc' dir='ltr'><strong>Σιμκ.</strong></span> 
     </span>
    </p>
   </div>
   <div class='ocr_carea' id='block_1_16' title="bbox 1342 4363 1587 4444">
    <p class='ocr_par' dir='ltr' id='par_1_16' title="bbox 1342 4363 1587 4444">
     <span class='ocr_line' id='line_1_40' title="bbox 1342 4363 1587 4444; baseline -0.016 -17"><span class='ocrx_word' id='word_1_289' title='bbox 1342 4363 1587 4444; x_wconf 59' lang='lat' dir='ltr'>mmpm</span> 
     </span>
    </p>
   </div>
   <div class='ocr_carea' id='block_1_17' title="bbox 1090 4781 1104 4828">
    <p class='ocr_par' dir='ltr' id='par_1_17' title="bbox 1090 4781 1104 4828">
     <span class='ocr_line' id='line_1_41' title="bbox 1090 4781 1104 4828; baseline 0 0"><span class='ocrx_word' id='word_1_290' title='bbox 1090 4781 1104 4828; x_wconf 80' lang='lat' dir='ltr'>l</span> 
     </span>
    </p>
   </div>
   <div class='ocr_carea' id='block_1_18' title="bbox 0 0 2082 5742">
    <p class='ocr_par' dir='ltr' id='par_1_18' title="bbox 0 0 2082 5742">
     <span class='ocr_line' id='line_1_42' title="bbox 0 0 2082 5742; baseline 0 0"><span class='ocrx_word' id='word_1_291' title='bbox 0 0 2082 5742; x_wconf 95' lang='lat' dir='ltr'> </span> 
     </span>
    </p>
   </div>
  </div>
 </body>
</html>
