4110 5742
645 555 849 638 CAPVT
872 559 975 638 xvn

741 763 867 862 §aot-

629 927 635 940 '
709 951 739 1000 a.
762 931 804 1002 C.
829 951 909 1016 trra.

248 1051 413 1131 'iorfitan
436 1065 545 1126 autent
570 1043 788 1125 Neocaesarea
813 1056 933 1150 potitus
959 1041 1034 1126 efflat
1059 1055 1258 1154 imperator,
1283 1053 1343 1130 nisi
1365 1050 1436 1134 casu
1451 1061 1523 1156 19⁸4.

162 1155 314 1260 quodam
338 1147 516 1253 improuiso
549 1141 727 1223 inconsulta
762 1171 795 1226 et
825 1171 1003 1225 contumax
1037 1147 1180 1252 superbia
1212 1175 1245 1228 et
1274 1157 1439 1233 iracundia

165 1255 300 1358 prorsus
325 1251 447 1328 effrenis
472 1257 600 1340 loannis
614 1285 628 1330 ,·
646 1258 774 1350 nepotis
801 1277 841 1324 ex
867 1247 964 1326 fratre
990 1249 1129 1338 isaacio,
1155 1249 1400 1332 sebaston-acore
1425 1312 1438 1355 ,

164 1360 214 1431 isli
240 1351 404 1430 obstitisset.
453 1357 542 1426 Nam
571 1379 646 1424 curn
673 1358 740 1424 acie
766 1377 843 1426 cum
869 1351 967 1426 tertis
995 1351 1235 1428 decernendum
1259 1355 1361 1442 esset,
1391 1364 1438 1433 ui·

165 1457 205 1532 so
232 1454 341 1554 insigni
406 1459 469 1527 uite
495 1451 628 1544 italico,
653 1457 811 1526 ioannem
836 1447 938 1525 fratria
961 1453 1088 1538 filium,
1114 1459 1235 1554 quippe
1261 1462 1312 1528 cui
1333 1485 1435 1558 equor

166 1584 240 1632 uon
266 1480 500 1637 deeffeesciren
525 1553 664 1626 Arabico
691 1579 776 1654 equo
802 1549 1016 1636 descendere,
1041 1579 1183 1654 eumque
1194 1557 1273 1630 Italo
1290 1553 1365 1630 dare
1376 1563 1437 1632 iue-

172 1659 223 1750 fit.
268 1663 309 1732 At
331 1662 358 1726 is
381 1659 490 1728 homo
514 1651 586 1724 elati
611 1659 733 1734 animi,
760 1675 793 1726 et
817 1655 985 1728 iadiantior
1005 1679 1104 1752 quam
1136 1651 1297 1739 decebat,
1332 1661 1452 1758 impe.-

162 1765 273 1838 tatoris
296 1757 384 1830 dieto
409 1781 480 1828 non
503 1751 660 1844 audiens,
686 1751 862 1838 audacius,
884 1781 927 1828 no
956 1753 1062 1830 dicam
1100 1755 1348 1856 impudentius,
1383 1785 1433 1834 re.

161 1859 296 1961 fiagatne
320 1855 390 1938 est,
413 1859 628 1953 Latinumque
652 1881 712 1952 per
737 1874 941 1930 contemtum
964 1855 1004 1928 ad
1030 1881 1176 1956 pugnarn
1199 1862 1429 1956 prouocauit,

156 1967 226 2038 iure
247 1977 457 2056 accepturum
484 1981 628 2053 equum,
656 1951 680 2026 si
706 1952 833 2028 vicisset.
884 1952 948 2028 Sed
976 1983 1052 2030 cum
1076 1975 1192 2056 patruo
1217 1962 1429 2058 imperatori,

155 2069 206 2139 eui
230 2059 331 2134 bilem
355 2049 563 2132 efferuescere
587 2075 755 2139 cerneret,
779 2053 894 2128 diutius
916 2053 1140 2132 resisterenon
1152 2051 1280 2158 possct3
1305 2085 1429 2158 equum

154 2165 207 2238 dat
231 2166 375 2234 inuitus:
398 2157 528 2255 alioque
552 2149 751 2240 conscenso,
776 2160 887 2230 animo
912 2177 1063 2258 aegerat
1086 2155 1249 2232 iracundia
1274 2159 1429 2250 aestuans,

153 2264 270 2339 diredia
300 2257 387 2330 hassa
414 2263 449 2328 in
468 2255 618 2329 hostilem
643 2261 745 2330 aciem
770 2253 894 2331 tendit:
918 2283 956 2328 ac
982 2257 1219 2364 paulolongius
1234 2253 1428 2360 progressus.

153 2393 189 2438 ca
211 2361 335 2436 reflexa
360 2377 393 2430 et
416 2361 558 2432 humeris
584 2353 760 2454 imposita,
779 2353 935 2457 galnque
959 2383 994 2428 ca
1022 2363 1054 2430 iti
1087 2357 1250 2443 detracta,
1281 2359 1323 2432 ad
1354 2363 1427 2433 Per·

151 2463 193 2540 sas
216 2455 398 2558 transfugit
423 2485 442 2530 a
467 2457 578 2554 quibus
604 2453 722 2554 cupide
746 2477 778 2530 et
810 2475 954 2530 amanter
990 2384 1184 2555 suscipitur,
1214 2477 1287 2533 tutn
1331 2457 1424 2560 quod

151 2573 203 2650 eis,
228 2561 312 2636 dnm
339 2583 415 2630 cum
441 2576 530 2656 patre
555 2550 715 2628 exsulabat
737 2559 794 2638 t),
820 2562 1032 2638 innotuerat,
1057 2577 1129 2630 tum
1155 2555 1245 2658 quod
1277 2555 1423 2658 praesen·

151 2673 190 2740 tia
213 2657 267 2736 sua
295 2655 439 2758 ipsonrm
464 2681 513 2728 rea
538 2654 722 2730 firmaturut
747 2653 809 2728 esse
881 2657 1011 2732 tabanu.
1061 2661 1180 2759 Neque
1208 2657 1316 2733 inulto
1347 2659 1422 2757 post

149 2765 326 2840 Christiana
337 2759 495 2856 religione
516 2757 676 2842 abiurata,
700 2683 879 2832 iconiensi¹
898 2753 1006 2834 Persae
1030 2756 1131 2834 fitam
1155 2783 1296 2836 uxorem
1320 2757 1425 2834 duxit,

147 2873 327 2966 Imperator
351 2883 430 2934 vero
456 2882 498 2930 eo
523 2852 594 2928 casu
620 2857 867 2942 consternatus,
892 2854 984 2956 spem
1017 2885 1133 2956 parurn
1170 2859 1293 2932 bonarn
1328 2856 1421 2936 fone·

149 2971 229 3040 bat:
250 2957 338 3036 haud
360 2964 511 3060 igneum,
534 2976 715 3056 nepotem,
747 2957 860 3058 quibua
891 2957 982 3034 mesia
1019 2961 1164 3036 Romani
1199 2959 1422 3038 medonen-

151 3093 228 3148 rur,
253 3062 473 3157 intemperanti
498 3073 530 3129 et
552 3057 683 3132 volubili
696 3057 806 3157 lingua
819 3077 965 3134 accurate
976 3057 1223 3159 expositurum
1248 3081 1303 3140 vt.
1327 3087 1420 3138 com·

148 3187 273 3242 meante
296 3164 485 3260 penuriam,
509 3175 545 3230 vt
568 3184 731 3258 equorum
756 3163 944 3240 interitum,
970 3177 1006 3234 vt
1028 3179 1150 3232 caetera
1176 3160 1351 3236 castrorum
1364 3159 1418 3236 de·

149 3273 305 3342 menta,
356 3261 510 3346 Quarnnir
535 3279 642 3332 autem
668 3255 708 3330 ad
748 3253 1013 3332 diffimulandurn
1055 3253 1222 3334 disteffinn
1260 3261 1415 3362 pssdtfim
1478 3323 1490 3356 ‚·
1618 3345 1622 3355 .

148 3365 228 3446 inde
242 3361 421 3446 mouebat,
445 3377 555 3433 tamen
579 3385 622 3436 ne
639 3357 684 3434 fic
698 3355 830 3564 qum
855 3358 963 3434 hoster
987 3365 1126 3442 omnino
1162 3359 1260 3438 latere
1288 3367 1417 3480 potuit,

705 3563 708 3572 ,
774 3477 795 3562 ‘i
820 3479 839 3530 ²
1289 3489 1420 3566 ‘1¹¹⁰ffl'e

269 3712 468 3800 smierant,
491 3711 642 3778 Romanis
664 3713 797 3802 offeruit.
841 3713 875 3778 Ia
898 3715 1085 3799 expeditione
1107 3716 1182 3798 iila,
1210 3727 1279 3774 cam
1309 3709 1409 3778 adhuc
1502 3769 1518 3789 ,

261 3800 380 3886 scilicet
415 3801 497 3862 eirca
529 3795 768 3880 Neocaesaream
794 3801 895 3886 castra
917 3800 1068 3878 haberet,
1090 3801 1200 3864 accidit
1228 3797 1328 3862 relatae
1356 3817 1409 3860 res

272 3887 373 3966 digera
393 3883 517 3968 perinde
539 3903 575 3948 ac
599 3883 715 3949 auditu.
758 3883 834 3949 Cum
857 3887 958 3961 enim,
980 3887 1137 3951 Romanos
1158 3889 1238 3950 inter
1256 3881 1411 3966 etPerfiat

272 3969 413 4056 confliiiu
437 3969 563 4049 habito,
578 3965 753 4052 superiores
761 3973 852 4056 sorte
881 3971 1032 4119 euttlsfient
1061 3967 1192 4052 Persae,
1230 3967 1409 4032 Manates...

263 4055 433 4120 liberorum
457 4055 581 4118 Iouernis
607 4055 884 4120 minimas-hare
906 4077 925 4124 a
947 4068 1082 4132 uertens,
1125 4049 1315 4134 atreinscrn,
1339 4071 1408 4116 cum

271 4145 336 4218 iis,
363 4141 502 4225 quitum
523 4139 581 4224 fibi
603 4139 754 4219 aderaut,
779 4141 809 4201 ia
829 4141 944 4206 medios
956 4139 1020 4228 sese
1043 4075 1274 4224 infisinmlitc
1300 4133 1408 4224 quibus

265 4225 404 4290 validius
424 4225 566 4309 repulsu,
587 4219 799 4292 Romanorum
822 4225 963 4314 demiffos
987 4237 1056 4292 ante
1093 4225 1215 4290 animos
1237 4225 1407 4305 plurimum

268 4315 432 4378 erexit.-
445 4314 555 4378 Exeo
573 4315 691 4396 proelio
712 4311 788 4378 nihil
803 4309 866 4377 sere
888 4313 1036 4400 equitatui
1059 4311 1199 4379 Romano
1223 4311 1343 4374 accidit.

178 4498 235 4558 ¹94·
257 4489 419 4548 manns
434 4493 539 4548 ctiori.
550 4501 580 4568 p.
595 4499 640 4560 24.
653 4481 786 4547 Cinnam.
798 4439 833 4566 u,
844 4493 884 4550 12.
935 4481 981 4570 q)
1004 4481 1080 4548 vide
1102 4477 1187 4568 supra
1211 4479 1238 4560 5·
1262 4487 1321 4558 258·
