4048 5742
597 531 662 600 ,ω
1030 471 1495 620 ruacrcorvu
1558 523 1561 528 ·

375 624 458 710 Imp.
499 623 585 690 Ata·

379 725 442 772 xro
467 711 490 774 t.

377 794 484 865 Coma.

585 1247 680 1341 sae).

1052 738 1081 788 a
1106 717 1146 788 C.
1171 718 1406 808 1083-1096.

588 845 681 944 ripa,
706 837 864 914 enchoria
881 836 995 922 indit,
1020 841 1055 909 in
1082 838 1258 938 conspeetu
1283 835 1416 922 sistunt,
1440 842 1487 910 rei
1520 831 1675 923 euentum
1708 832 1874 938 speculan

588 965 645 1022 tes.
695 943 784 1016 Iubet
809 967 865 1018 eoa
890 935 1073 1014 Dalaffenus
1098 935 1349 1040 legereiinsulae
1371 947 1468 1011 'oratu
1492 938 1532 1010 ab
1556 933 1697 1010 occiduo
1722 939 1820 1016 latere
1838 964 1873 1018 et

505 1063 512 1072 ‘
588 1045 826 1120 circttmnedios
850 1065 1010 1139 occupare
1034 1039 1212 1122 Bolissum,
1236 1044 1345 1140 ibique
1370 1037 1466 1114 suum
1489 1035 1667 1112 aduentum
1688 1043 1875 1136 praenotari

587 1145 659 1240 (est
686 1129 827 1222 uouffus'
844 1147 1002 1244 exiguum
1025 1141 1186 1244 oppidum
1210 1146 1245 1216 in
1267 1144 1503 1242 promontorio
1527 1137 1626 1214 situm
1655 1143 1751 1216 huirn
1788 1141 1875 1224 infir..

1178 1341 1209 1438 §-
1235 1365 1294 1436 157·

619 1537 621 1544 ,
689 1474 790 1546 Venit
814 1465 848 1542 id
875 1465 1047 1544 consdium
1069 1463 1229 1544 Dalaffeni
1254 1467 1445 1566 Scytharum
1470 1464 1691 1566 quorumdam
1716 1473 1750 1540 in
1782 1479 1869 1548 noti·

584 1578 686 1655 tiam,
710 1575 766 1671 qui
792 1569 897 1642 statim
924 1575 1095 1644 Tzacham
1121 1569 1295 1660 adeuntes,
1321 1565 1505 1642 indicarunt
1529 1575 1567 1641 ei.
1591 1589 1624 1640 at
1646 1572 1672 1639 is
1710 1577 1868 1671 quinqua-
1957 1647 1959 1650 ,

583 1681 674 1776 ginta
701 1669 868 1768 extemplo
895 1668 1107 1770 speculatores
1134 1669 1339 1766 exploratum
1370 1666 1478 1752 misit,
1511 1667 1723 1768 quandonam
1765 1671 1867 1752 daffit

583 1767 743 1852 Ddasserti
769 1767 894 1844 soluere
918 1793 1064 1872 pararet3
1090 1767 1131 1842 de
1156 1795 1198 1844 eo
1223 1765 1264 1842 se
1281 1769 1441 1842 cruriculo
1465 1775 1594 1843 moneri
1618 1771 1739 1842 iubens.

687 1959 740 2030 Ex
768 1953 826 2028 alia
852 1979 931 2028 vero
956 1975 1046 2054 parte
1071 1975 1221 2052 tempore
1246 1951 1366 2028 eodem
1391 1949 1551 2052 delegauit
1577 1951 1619 2026 ad
1653 1947 1864 2028 Delasseuum

583 2048 714 2154 ipsum,
741 2061 796 2154 qui
820 2051 1061 2155 significarent,
1087 2074 1237 2153 expetere
1259 2051 1291 2127 se
1317 2053 1520 2152 colloquium
1547 2059 1635 2132 eius,
1685 2059 1748 2126 acia
1773 2051 1865 2128 mus'a

583 2153 844 2255 componendae.
894 2156 949 2230 Ad
973 2185 1046 2230 eam
1072 2159 1303 2255 cogitationem
1328 2151 1502 2252 impulsum
1529 2175 1611 2254 puto
1682 2152 1736 2227 isse
1775 2163 1808 2227 T
1811 2181 1866 2228 za·

582 2261 706 2340 cham,
734 2253 953 2355 desperatione
978 2255 1118 2358 quadam
1144 2255 1295 2330 vincendi
1319 2250 1502 2344 Delasseui,
1541 2252 1663 2356 quod,
1697 2279 1798 2356 quarn
1836 2259 1865 2326 ie

528 2429 536 2450 ,
581 2354 658 2430 esset
682 2355 841 2455 generoso
867 2355 1021 2459 malisque
1045 2385 1083 2430 ac
1107 2358 1255 2458 periculis
1300 2361 1515 2454 imperterrito
1552 2361 1695 2438 animo,
1726 2355 1864 2430 videret.

579 2455 731 2530 Pronrifit
757 2455 824 2531 dux
850 2461 1041 2544 Romanus,
1064 2456 1096 2531 se
1122 2457 1274 2558 postridie
1298 2455 1425 2530 summa
1449 2447 1627 2531 castrorum
1658 2475 1865 2572 porta-pro·

536 2561 537 2566 ’
580 2556 747 2641 diturum,
772 2579 920 2657 paratum
947 2559 1056 2634 audire
1080 2561 1277 2639 Tzacham,
1302 2577 1336 2632 et
1360 2581 1440 2630 cum
1464 2585 1506 2633 eo
1533 2557 1575 2632 de
1602 2581 1775 2633 commum
1799 2576 1863 2634 tra·

576 2662 663 2734 diare
688 2658 874 2734 concordia
1687 2725 1689 2730 .
1762 2727 1774 2738 ,

680 2763 809 2834 Locum
834 2781 867 2833 et
893 2780 1022 2858 tempus
1046 2759 1180 2832 barbaro
1205 2759 1386 2859 probante,
1412 2763 1614 2832 conueniunt
1637 2784 1736 2832 mane
1762 2757 1865 2834 duces

577 2860 701 2932 ambo:
728 2877 810 2934 rnox
835 2863 963 2932 initium
989 2858 1144 2956 loquendi
1170 2863 1321 2933 Tzachas
1347 2853 1534 2957 occupant,
1559 2856 1605 2930 fic
1635 2857 1865 2954 Dasassenuru,

577 2965 775 3032 nominatim
799 2967 887 3062 priua
913 2959 1132 3060 appellatum,
1158 2961 1202 3033 est
1229 2956 1386 3052 effatua„
1412 2965 1523 3038 Scito,
1547 2959 1640 3033 illum
1665 2957 1771 3058 ipsum
1796 2957 1862 3036 esse

575 3085 653 3144 me,
680 3067 735 3160 qui
761 3061 841 3135 olirn
868 3057 1145 3143 adolescentulus,
1178 3061 1336 3135 incursare
1362 3059 1472 3134 Afiam
1506 3053 1619 3150 orsus,
1650 3060 1726 3159 post
1748 3087 1861 3138 acrem

577 3185 724 3261 pugnam
751 3169 989 3234 circumuentus
1015 3179 1047 3232 et
1071 3181 1180 3259 captus
1204 3157 1275 3236 sum
1299 3189 1318 3234 a
1343 3163 1491 3236 Cabalica
1516 3161 1734 3252 Alexandro,
1768 3161 1860 3236 inde·

576 3285 643 3360 que
671 3267 858 3362 imperatori
883 3261 1077 3358 Nicephoro
1103 3265 1286 3336 Botaniatae
1310 3263 1460 3345 oblatus,
1485 3261 1590 3335 siatim
1628 3259 1856 3360 praenobilissi-

473 3363 479 3374 '
572 3365 620 3433 mi
649 3360 804 3462 dignitate
828 3366 862 3432 (t)
887 3359 1143 3444 cohonestatus,
1175 3361 1334 3462 donisque
1366 3367 1492 3464 magnis
1533 3359 1713 3461 dignatur,
1753 3360 1853 3437 fidele

572 3459 634 3561 ipsi
660 3457 850 3564 obsequium
875 3457 1020 3562 promisi.
1066 3467 1217 3537 “Verum
1241 3469 1308 3540 eius
1332 3465 1418 3562 pacit
1448 3461 1580 3535 vinculis
1611 3467 1713 3535 teneri
1750 3469 1856 3538 neuti-

572 3587 671 3662 quam
698 3591 754 3638 me
779 3560 915 3661 amplius
940 3568 1135 3662 interpretor
1158 3565 1192 3627 r)
1209 3620 1221 3656 ,
1248 3591 1289 3638 ex
1315 3589 1391 3664 quo
1407 3564 1601 3661 Nicephoro
1627 3575 1767 3636 extortas
1784 3569 1855 3638 Co-

570 3688 712 3737 mnenua
737 3665 870 3742 Alexius
895 3665 1034 3736 habenas
1060 3667 1190 3762 imperii
1219 3659 1331 3738 sumsrt
1367 3668 1402 3734 in
1440 3689 1564 3738 manus.
1616 3671 1628 3709 ‘
1640 3665 1734 3737 Haec
1769 3691 1853 3742 vero

542 3785 684 3863 'ruptae
708 3759 927 3848 concordiae,
951 3769 1181 3936 expromtique
1206 3793 1223 3838 a
1249 3791 1304 3839 me
1329 3767 1364 3835 in
1388 3765 1560 3838 Romanos
1585 3761 1653 3836 odii
1678 3758 1853 3840 causaest:

571 3889 671 3964 quam
702 3865 788 3939 vitro
825 3867 891 3936 ianr
920 3889 981 3962 pro
998 3887 1056 3936 ero
1082 3873 1141 3936 ⁵2:
1169 3859 1393 3949 nectendo,
1419 3871 1499 3964 quin
1524 3871 1711 3961 imperatori
1743 3865 1851 3940 decla-

450 3999 453 4006 *
568 3983 666 4042 rettu.
717 3970 784 4056 Qui
807 3961 833 4038 si
858 3961 972 4041 tollere
994 3967 1174 4040 uunucitia
1199 3987 1232 4043 et
1261 3962 1460 4044 reconciliari
1497 3971 1634 4064 gratiam
1665 3971 1749 4040 inter
1780 3989 1849 4040 noa

1767 4067 1848 4142 velit

609 4267 662 4355 q)
709 4292 747 4346 tp
791 4293 846 4335 can
889 4237 1180 4351 αρωτονωᾘελισιμυν
1271 4275 1315 4358 s)
1341 4273 1422 4352 adra
1446 4299 1499 4351 ,tm
1525 4271 1570 4336 t’vv
1593 4269 1641 4346 ssa
1664 4295 1699 4338 ’ὀ
1723 4296 1772 4346 m
1790 4275 1843 4352 sx·

479 4429 482 4436 Ι
570 4347 648 4428 eistat.
675 4354 706 4412 in
733 4379 823 4436 marg.
849 4381 961 4436 πρωτων
984 4357 1130 4441 saepiatur·
1230 4363 1299 4444 Qus
1324 4358 1415 4430 fidam
1441 4357 1622 4444 ίῖπανγελῠ,
1644 4357 1722 4447 ism,

608 4452 648 4520 r)
673 4440 839 4531 iaatatnrtq
864 4439 986 4507 ἅπαντα.
