4034 5746
635 477 927 630 etruria
998 525 1022 584 ⁸-
1084 547 1150 563 ··
1358 535 1655 734 mmm·

507 765 511 776 '
616 767 644 820 n
670 748 709 822 C.
735 705 976 833 1161-n73.⁰
1093 775 1098 782 ·
1429 747 1549 798 ”Vm

1429 819 1540 888 caan

132 933 209 992 uani
234 937 293 1013 per
318 912 388 986 vim
410 927 609 1012 expugnant.
650 915 734 1010 Qua
764 931 882 1082 napta,
904 907 1081 1010 Gregoriua
1106 921 1138 980 et
1170 907 1284 982 caeteri
1322 907 1418 986 Hnn·
1541 955 1546 962 -

128 1041 291 1116 garorum
315 1009 412 1086 duces
439 1039 516 1092 cum
543 1015 743 1114 ignominia,
769 1037 787 1082 a
836 1037 935 1094 eum,
961 1035 1061 1110 quem
1077 1003 1239 1102 diximua,
1264 1007 1418 1094 modum,

131 1113 301 1190 miserabili
327 1116 543 1199 habitu,'nec
567 1111 637 1186 sme
662 1110 779 1188 eiulatu
802 1109 843 1184 ad
868 1113 1051 1210 principem
1077 1103 1240 1182 accessere.
1292 1115 1430 1190 venun*

102 1237 106 1244 ’
131 1217 198 1306 ille¹
213 1215 408 1316 arliqtamdiu
435 1238 477 1286 ne
500 1209 653 1314 adspedltr
679 1211 818 1316 quidem
840 1237 896 1284 eos
922 1211 1067 1312 dignatm
1098 1207 1165 1284 ess:
1191 1204 1245 1282 sed
1270 1211 1417 1300 tandem,

131 1319 208 1392 liela
235 1315 472 1396 intercedente,
498 1324 642 1390 mortem
669 1312 891 1398 condonauit,
919 1335 1040 1414 eoaque
1076 1311 1110 1386 iu
1148 1308 1328 1390 custodiam
1360 1341 1419 1392 ex.

129 1419 260 1520 templo
285 1423 402 1492 coniici
427 1411 518 1492 iuffir.
865 1421 872 1424 ’

241 1556 385 1635 Romarii
411 1580 543 1644 antem,
570 1551 701 1632 summo
728 1559 829 1636 anitii
852 1553 970 1634 ardore
995 1557 1108 1635 vrbem
1132 1553 1322 1658 subeuntes,
1354 1557 1415 1632 ho·

128 1662 241 1732 mnes
269 1662 310 1768 ibi
339 1658 429 1752 velue
448 1687 551 1761 agnos
578 1659 783 1734 trucidamnt.
831 1655 1037 1736 Vndemini
1052 1661 1242 1756 oboriuntur
1253 1663 1415 1742 lacrimae.
1440 1735 1445 1742 ,

130 1785 213 1832 cum
237 1765 334 1834 vitam
358 1764 536 1834 humanam
563 1767 711 1844 intueor,
737 1782 768 1834 et
818 1766 918 1834 nantis
940 1761 1024 1838 ultro
1059 1750 1092 1834 l'e
1130 1765 1221 1838 malit
1261 1757 1415 1838 miserum

131 1863 202 1934 hoc
226 1863 402 1936 bominum
432 1889 535 1966 genus
561 1861 714 1936 inuoluat.
742 1785 977 1938 Aulerebeutur
1016 1856 1186 1948 thesauri,
1237 1885 1270 1940 et
1295 1863 1416 1954 vellet,

131 1983 168 2038 et
192 1959 262 2036 rasa
285 1981 470 2064 argentea,
507 1967 684 2064 omniaque
721 1960 803 2036 adeo
840 1989 957 2038 eorum
995 1964 1081 2038 bona
1117 1965 1347 2066 diripiebantur
1371 1962 1415 2040 ὁ).

133 2068 224 2162 Quin
249 2083 281 2137 et
306 2070 436 2138 inuenta
461 2064 506 2139 ell
527 2061 639 2138 infelix
666 2063 883 2148 muliercula,
923 2065 975 2138 cni
1012 2091 1108 2166 pars,
1147 2091 1209 2168 qua
1246 2065 1415 2148 sedenim,

132 2167 199 2237 telo
227 2165 375 2239 nanslixa
401 2190 478 2242 erat.
506 2163 543 2240 ld
568 2172 597 2240 ei
622 2161 797 2266 quomodo
810 2162 980 2250 acciderit,
1003 2169 1283 2244 commemorabo.
1309 2169 1414 2256 Haec,

132 2263 285 2340 nondum
309 2287 399 2368 capta
424 2272 574 2351 ciuitate,
603 2267 708 2368 supra·
721 2287 833 2340 muros
858 2265 1128 2344 stane'temerem
1153 2271 1205 2344 vel
1242 2269 1414 2372 puluerem

132 2370 393 2452 excutiente),
419 2389 450 2444 et
474 2365 598 2442 sublatis
623 2368 714 2454 nullo
739 2365 868 2468 pudore
892 2366 1051 2452 vellibua,
1075 2365 1192 2444 faciem
1229 2391 1375 2446 auertena
1398 2421 1413 2458 ,

134 2490 225 2544 nater
249 2467 456 2570 inspiciendae
481 2471 650 2574 praebebat
679 2471 836 2545 Romano
869 2475 1046 2555 exercitui,
1082 2469 1184 2546 multa
1221 2477 1416 2548 intercinena

134 2597 175 2642 ac
196 2575 335 2654 iterem,
361 2573 474 2672 qnibna
500 2593 566 2646 arte
592 2568 732 2672 quadam
757 2569 968 2656 daemoniaca
991 2575 1163 2646 Romanor
1194 2568 1348 2647 fascinare
1374 2599 1415 2648 ae
1463 2613 1465 2622 ·
1521 2653 1526 2674 p

132 2671 309 2773 praelligiit
334 2679 453 2747 irretire
476 2675 690 2748 arbitrabatur.
743 2671 807 2747 Sed
832 2670 924 2746 mileo
943 2669 1101 2774 qnidam,
1127 2670 1269 2749 immiffo
1282 2673 1415 2772 iniflan't

92 2790 96 2798 '
129 2771 225 2866 telo,
252 2769 466 2850 miseranseo
490 2781 629 2878 pereutit
650 2772 752 2858 loco,
778 2796 878 2874 quem
906 2773 1067 2850 eiiciendit
1092 2796 1204 2850 natura
1223 2801 1413 2852 excremen-

123 2874 174 2948 'tir
200 2869 285 2954 fecit.
320 2879 494 2977 Repertus
521 2874 565 2950 esi
589 2895 622 2950 et
646 2877 816 2952 Romanoa
841 2873 975 2974 aliquia,
1000 2881 1036 2948 in
1062 2871 1228 2950 sordidum
1256 2903 1294 2950 ae
1315 2897 1412 2956 tene·

60 3002 64 3012 ·
131 2971 267 3051 brosnm
293 3003 454 3052 carcerem
480 2974 576 3052 miser
599 2978 766 3052 coniector
791 3001 832 3049 ex
856 2979 957 3052 bacee
980 2972 1079 3051 eanb.
1130 2982 1219 3051 Cum
1252 3005 1327 3054 enm
1362 3005 1412 3055 ca-

131 3084 262 3182 prinum
284 3075 428 3155 fecillent
451 3081 624 3181 Hungari,
649 3074 827 3177 scirentque
851 3075 1009 3150 iaculandi
1034 3077 1257 3178 peritissimum
1269 3079 1352 3165 elle,
1367 3099 1413 3158 et
1531 3163 1543 3190 χ

130 3183 306 3257 Romanoa
324 3207 349 3254 e
372 3207 470 3255 tnnro
494 3177 611 3284 sagittis
646 3185 839 3280 impeteret,
877 3181 1046 3278 cogebant.
1094 3179 1150 3254 llle
1185 3205 1265 3256 vero
1291 3183 1413 3272 ¹crebra

132 3279 267 3384 quidem
292 3283 432 3357 vibrabat
456 3281 517 3356 tela
530 3289 546 3368 ,³
565 3277 622 3356 sed
656 3286 722 3367 ita,
758 3301 794 3352 vt
830 3285 941 3354 omnia
980 3280 1260 3380 praetemolarent.
1309 3283 1413 3372 Quod

132 3386 189 3460 vbi
213 3380 378 3458 aduertere
401 3385 575 3484 Hungan‘,
600 3387 696 3558 Ἢ
723 3377 850 3456 caesum
875 3382 1048 3460 hominem
1084 3385 1240 3486 edique
1279 3385 1411 3460 eonlln'·

686 3511 721 3560 m

128 3487 224 3570 dium
248 3482 460 3586 compedibus
483 3491 518 3560 in
542 3484 631 3560 cnllo
747 3477 904 3596 condunt.

232 3653 280 3724 lta
303 3647 429 3726 rursmn
455 3671 548 3754 capta
571 3651 618 3727 ell
643 3655 808 3754 Zeugme.
849 3653 927 3826 {⁰
953 3645 1092 3751 ,quidem
1128 3667 1279 3752 tempore
1313 3649 1410 3729 multi

115 3751 291 3852 ¹praeclara
317 3773 350 3828 et
372 3753 581 3854 praedicanda
606 3751 803 3833 fortitudinia
827 3748 878 3826 edi
903 3779 956 3828 ere
979 3750 1145 3837 facinora,
1170 3773 1202 3826 at
1225 3781 1266 3830 ue
1299 3757 1334 3828 in
1370 3759 1409 3831 iit

132 3852 340 3928 Andronicus
356 3857 480 3929 -Ducae
530 3859 618 3930 Cum
645 3860 733 3928 enim
770 3859 942 3930 Romanos
979 3851 1119 3928 admotis
1153 3849 1185 3926 sc
1216 3859 1224 3873 ‘
1278 3861 1410 3932 moenia

132 3949 236 4030 subire
260 3982 299 4028 ac
324 3951 476 4032 scandere
501 3977 667 4056 temeret,
684 3955 848 4040 accedens
871 3953 912 4028 ad
946 3953 1199 4045 Andronicum,
1238 3961 1413 4077 imperato-

660 4061 893 4166 Qurr2
1330 4085 1411 4134 ¹1³·

244 4259 280 4326 ὅς
303 4291 339 4330 atr
364 4291 422 4332 atat
452 4271 562 4348 Ιχθμη
594 4262 746 4353 §arrexere
800 4291 920 4346 parterm
941 4264 988 4328 vel
1011 4263 1234 4346 animante,
1257 4269 1295 4332 nd
1319 4287 1409 4352 qum

132 4352 228 4412 tuam
240 4379 321 4431 ,aq
352 4377 407 4416 eur
443 4355 532 4425 dabar
569 4379 661 4416 rerer
699 4379 746 4432 aq
800 4359 868 4418 haec
894 4357 1038 4440 pertinere
1061 4353 1275 4439 suspicaturDu
1288 4355 1451 4436 mesre„

130 4435 257 4500 darum
280 4463 431 4516 μικητων.
456 4445 552 4506 omisit
574 4445 727 4526 interpret.
800 4443 884 4527 plura
918 4441 995 4527 epud
1021 4463 1087 4505 eum
1114 4443 1181 4508 vide
1201 4446 1235 4505 in
1252 4445 1347 4512 'Notia
1371 4443 1410 4512 ael

171 4523 213 4613 t)
236 4525 330 4592 realta
350 4551 386 4593 ea
410 4547 561 4594 uerrere·
584 4533 628 4594 De
646 4535 751 4609 rappe-
798 4551 876 4596 nana.
900 4551 929 4617 p,
950 4539 1029 4608 480,
1052 4541 1110 4604 481·
1183 4549 1185 4554 ·
