<?xml version="1.0" encoding="UTF-8"?>
<!DOCTYPE html PUBLIC "-//W3C//DTD XHTML 1.0 Transitional//EN"
    "http://www.w3.org/TR/xhtml1/DTD/xhtml1-transitional.dtd">
<html xmlns="http://www.w3.org/1999/xhtml" xml:lang="en" lang="en">
 <head>
  <title>
</title>
<meta http-equiv="Content-Type" content="text/html;charset=utf-8" />
  <meta name='ocr-system' content='tesseract 3.04.00' />
  <meta name='ocr-capabilities' content='ocr_page ocr_carea ocr_par ocr_line ocrx_word'/>
</head>
<body>
  <div class='ocr_page' id='page_1' title='image "./memoriaepopulor03strigoog_0166.png"; bbox 0 0 4070 5742; ppageno 0'>
   <div class='ocr_carea' id='block_1_1' title="bbox 621 591 1410 716">
    <p class='ocr_par' dir='ltr' id='par_1_1' title="bbox 621 591 1410 716">
     <span class='ocr_line' id='line_1_1' title="bbox 621 591 1410 716; baseline 0.004 -35"><span class='ocrx_word' id='word_1_1' title='bbox 621 591 891 684; x_wconf 66' lang='lat' dir='ltr'>&#39;ctrvTx</span> <span class='ocrx_word' id='word_1_2' title='bbox 1356 617 1410 716; x_wconf 59' lang='grc' dir='ltr'>ῃ</span> 
     </span>
    </p>
   </div>
   <div class='ocr_carea' id='block_1_2' title="bbox 600 721 1581 899">
    <p class='ocr_par' dir='ltr' id='par_1_2' title="bbox 600 721 1581 899">
     <span class='ocr_line' id='line_1_2' title="bbox 949 721 1581 814; baseline -0.013 -20"><span class='ocrx_word' id='word_1_3' title='bbox 949 803 957 814; x_wconf 46' lang='grc'>,</span> <span class='ocrx_word' id='word_1_4' title='bbox 1418 721 1498 808; x_wconf 83' lang='lat' dir='ltr'>Imp.</span> <span class='ocrx_word' id='word_1_5' title='bbox 1522 737 1581 788; x_wconf 72' lang='lat' dir='ltr'>atr.</span> 
     </span>
     <span class='ocr_line' id='line_1_3' title="bbox 600 805 1573 899; baseline -0.003 -21"><span class='ocrx_word' id='word_1_6' title='bbox 600 827 629 878; x_wconf 74' lang='lat' dir='ltr'>a·</span> <span class='ocrx_word' id='word_1_7' title='bbox 655 805 694 880; x_wconf 85' lang='lat' dir='ltr'>C.</span> <span class='ocrx_word' id='word_1_8' title='bbox 723 823 806 894; x_wconf 73' lang='grc'>1674</span> <span class='ocrx_word' id='word_1_9' title='bbox 819 839 863 862; x_wconf 90' lang='grc'>·-</span> <span class='ocrx_word' id='word_1_10' title='bbox 876 815 964 899; x_wconf 72' lang='lat'>1078.</span> <span class='ocrx_word' id='word_1_11' title='bbox 1421 823 1573 896; x_wconf 64' lang='lat' dir='ltr'>cuntant!¹</span> 
     </span>
    </p>
   </div>
   <div class='ocr_carea' id='block_1_3' title="bbox 134 895 1542 2346">
    <p class='ocr_par' dir='ltr' id='par_1_3' title="bbox 134 895 1542 2346">
     <span class='ocr_line' id='line_1_4' title="bbox 134 895 1542 1032; baseline 0.004 -23"><span class='ocrx_word' id='word_1_12' title='bbox 134 927 168 1009; x_wconf 88' lang='lat' dir='ltr'>se</span> <span class='ocrx_word' id='word_1_13' title='bbox 199 927 371 1012; x_wconf 75' lang='lat' dir='ltr'>admonit,</span> <span class='ocrx_word' id='word_1_14' title='bbox 400 943 574 1026; x_wconf 86' lang='lat' dir='ltr'>antequam</span> <span class='ocrx_word' id='word_1_15' title='bbox 611 929 718 1002; x_wconf 87' lang='lat' dir='ltr'>Turci</span> <span class='ocrx_word' id='word_1_16' title='bbox 743 924 895 1004; x_wconf 77' lang='lat' dir='ltr'>sentirent</span> <span class='ocrx_word' id='word_1_17' title='bbox 929 925 1035 1032; x_wconf 43' lang='lat' dir='ltr'>ipsine*</span> <span class='ocrx_word' id='word_1_18' title='bbox 1064 927 1316 1032; x_wconf 73' lang='lat' dir='ltr'>proseciionem.</span> <span class='ocrx_word' id='word_1_19' title='bbox 1365 895 1542 1012; x_wconf 58' lang='lat' dir='ltr'>Hipmf&#39;</span> 
     </span>
     <span class='ocr_line' id='line_1_5' title="bbox 136 1023 1415 1136; baseline 0.005 -30"><span class='ocrx_word' id='word_1_20' title='bbox 136 1060 241 1132; x_wconf 86' lang='lat' dir='ltr'>porro</span> <span class='ocrx_word' id='word_1_21' title='bbox 273 1033 384 1104; x_wconf 71' lang='lat' dir='ltr'>credito</span> <span class='ocrx_word' id='word_1_22' title='bbox 413 1023 541 1101; x_wconf 88' lang='lat' dir='ltr'>tandem</span> <span class='ocrx_word' id='word_1_23' title='bbox 574 1030 641 1101; x_wconf 90' lang='lat' dir='ltr'>eim</span> <span class='ocrx_word' id='word_1_24' title='bbox 664 1023 788 1102; x_wconf 82' lang='lat' dir='ltr'>suctim</span> <span class='ocrx_word' id='word_1_25' title='bbox 814 1028 967 1110; x_wconf 80' lang='lat' dir='ltr'>transitu,</span> <span class='ocrx_word' id='word_1_26' title='bbox 1001 1027 1188 1136; x_wconf 91' lang='lat' dir='ltr'>indicioque</span> <span class='ocrx_word' id='word_1_27' title='bbox 1217 1038 1328 1111; x_wconf 90' lang='lat' dir='ltr'>habito</span> <span class='ocrx_word' id='word_1_28' title='bbox 1354 1061 1415 1112; x_wconf 90' lang='lat' dir='ltr'>nu·</span> 
     </span>
     <span class='ocr_line' id='line_1_6' title="bbox 139 1127 1416 1240; baseline 0.005 -33"><span class='ocrx_word' id='word_1_29' title='bbox 139 1140 227 1207; x_wconf 86' lang='lat' dir='ltr'>meri</span> <span class='ocrx_word' id='word_1_30' title='bbox 252 1137 413 1230; x_wconf 88' lang='lat' dir='ltr'>copianun</span> <span class='ocrx_word' id='word_1_31' title='bbox 437 1133 525 1212; x_wconf 80' lang='lat' dir='ltr'>eim,</span> <span class='ocrx_word' id='word_1_32' title='bbox 551 1133 619 1202; x_wconf 88' lang='lat' dir='ltr'>acie</span> <span class='ocrx_word' id='word_1_33' title='bbox 645 1127 793 1204; x_wconf 70' lang='lat' dir='ltr'>instrutia</span> <span class='ocrx_word' id='word_1_34' title='bbox 820 1127 1066 1232; x_wconf 82' lang='lat' dir='ltr'>sequebantur,</span> <span class='ocrx_word' id='word_1_35' title='bbox 1098 1135 1272 1234; x_wconf 84' lang='lat' dir='ltr'>praemiffis</span> <span class='ocrx_word' id='word_1_36' title='bbox 1302 1141 1416 1240; x_wconf 84' lang='lat' dir='ltr'>equiti·</span> 
     </span>
     <span class='ocr_line' id='line_1_7' title="bbox 143 1225 1412 1340; baseline 0.006 -34"><span class='ocrx_word' id='word_1_37' title='bbox 143 1235 205 1306; x_wconf 86' lang='lat' dir='ltr'>bus</span> <span class='ocrx_word' id='word_1_38' title='bbox 231 1236 355 1332; x_wconf 65' lang='lat' dir='ltr'>patrem,</span> <span class='ocrx_word' id='word_1_39' title='bbox 378 1232 430 1332; x_wconf 89' lang='lat' dir='ltr'>qui</span> <span class='ocrx_word' id='word_1_40' title='bbox 454 1233 540 1302; x_wconf 88' lang='lat' dir='ltr'>eunti</span> <span class='ocrx_word' id='word_1_41' title='bbox 566 1225 752 1304; x_wconf 86' lang='lat' dir='ltr'>facesserent</span> <span class='ocrx_word' id='word_1_42' title='bbox 777 1238 973 1331; x_wconf 78' lang='lat' dir='ltr'><strong>negotium.</strong></span> <span class='ocrx_word' id='word_1_43' title='bbox 999 1253 1031 1308; x_wconf 91' lang='lat' dir='ltr'>et</span> <span class='ocrx_word' id='word_1_44' title='bbox 1045 1229 1297 1316; x_wconf 43' lang='lat' dir='ltr'>*festinationem</span> <span class='ocrx_word' id='word_1_45' title='bbox 1333 1263 1412 1340; x_wconf 89' lang='lat' dir='ltr'>pro·</span> 
     </span>
     <span class='ocr_line' id='line_1_8' title="bbox 148 1329 1410 1436; baseline 0.006 -28"><span class='ocrx_word' id='word_1_46' title='bbox 148 1337 287 1436; x_wconf 75' lang='lat' dir='ltr'>perantia</span> <span class='ocrx_word' id='word_1_47' title='bbox 310 1349 512 1404; x_wconf 75' lang='lat' dir='ltr'><strong>morarentur.</strong></span> <span class='ocrx_word' id='word_1_48' title='bbox 561 1335 608 1406; x_wconf 89' lang='lat' dir='ltr'>Hi</span> <span class='ocrx_word' id='word_1_49' title='bbox 633 1355 703 1402; x_wconf 93' lang='lat' dir='ltr'>non</span> <span class='ocrx_word' id='word_1_50' title='bbox 729 1329 870 1406; x_wconf 90' lang='lat' dir='ltr'>multum</span> <span class='ocrx_word' id='word_1_51' title='bbox 894 1329 1112 1434; x_wconf 86' lang='lat' dir='ltr'>profecerunt.</span> <span class='ocrx_word' id='word_1_52' title='bbox 1148 1333 1290 1414; x_wconf 75' lang='lat' dir='ltr'>assecuti</span> <span class='ocrx_word' id='word_1_53' title='bbox 1320 1343 1410 1416; x_wconf 86' lang='lat' dir='ltr'>enim</span> 
     </span>
     <span class='ocr_line' id='line_1_9' title="bbox 151 1423 1412 1535; baseline 0.007 -29"><span class='ocrx_word' id='word_1_54' title='bbox 151 1460 267 1535; x_wconf 84' lang='lat' dir='ltr'>agmen</span> <span class='ocrx_word' id='word_1_55' title='bbox 290 1435 464 1506; x_wconf 87' lang='lat' dir='ltr'>Botaniatae</span> <span class='ocrx_word' id='word_1_56' title='bbox 490 1455 561 1502; x_wconf 92' lang='lat' dir='ltr'>non</span> <span class='ocrx_word' id='word_1_57' title='bbox 586 1431 687 1530; x_wconf 89' lang='lat' dir='ltr'>longe</span> <span class='ocrx_word' id='word_1_58' title='bbox 713 1423 856 1510; x_wconf 77' lang='lat' dir='ltr'>Nicaea,</span> <span class='ocrx_word' id='word_1_59' title='bbox 894 1434 1087 1510; x_wconf 85' lang='lat' dir='ltr'>iaculatione</span> <span class='ocrx_word' id='word_1_60' title='bbox 1125 1439 1159 1510; x_wconf 94' lang='lat' dir='ltr'>in</span> <span class='ocrx_word' id='word_1_61' title='bbox 1198 1437 1276 1514; x_wconf 86' lang='lat' dir='ltr'>iilud</span> <span class='ocrx_word' id='word_1_62' title='bbox 1308 1440 1412 1514; x_wconf 78' lang='lat' dir='ltr'>muta</span> 
     </span>
     <span class='ocr_line' id='line_1_10' title="bbox 136 1527 1412 1638; baseline 0.003 -28"><span class='ocrx_word' id='word_1_63' title='bbox 136 1537 270 1610; x_wconf 72' lang='lat' dir='ltr'>veminus</span> <span class='ocrx_word' id='word_1_64' title='bbox 293 1559 362 1604; x_wconf 83' lang='lat' dir='ltr'>urm</span> <span class='ocrx_word' id='word_1_65' title='bbox 388 1533 517 1604; x_wconf 85' lang='lat' dir='ltr'>barbara</span> <span class='ocrx_word' id='word_1_66' title='bbox 542 1527 775 1606; x_wconf 83' lang='lat' dir='ltr'>vociferatione</span> <span class='ocrx_word' id='word_1_67' title='bbox 799 1529 907 1619; x_wconf 77' lang='lat' dir='ltr'>fam,</span> <span class='ocrx_word' id='word_1_68' title='bbox 931 1541 1053 1612; x_wconf 85' lang='lat' dir='ltr'>morari</span> <span class='ocrx_word' id='word_1_69' title='bbox 1082 1557 1237 1638; x_wconf 89' lang='lat' dir='ltr'>coeptum</span> <span class='ocrx_word' id='word_1_70' title='bbox 1262 1544 1322 1614; x_wconf 88' lang='lat' dir='ltr'>iter</span> <span class='ocrx_word' id='word_1_71' title='bbox 1354 1563 1412 1614; x_wconf 89' lang='lat' dir='ltr'>co·</span> 
     </span>
     <span class='ocr_line' id='line_1_11' title="bbox 154 1629 1410 1738; baseline 0.003 -28"><span class='ocrx_word' id='word_1_72' title='bbox 154 1637 301 1710; x_wconf 82' lang='lat' dir='ltr'>trahantur.</span> <span class='ocrx_word' id='word_1_73' title='bbox 352 1637 395 1708; x_wconf 82' lang='lat' dir='ltr'>m</span> <span class='ocrx_word' id='word_1_74' title='bbox 420 1635 604 1706; x_wconf 86' lang='lat' dir='ltr'>Botaniatae</span> <span class='ocrx_word' id='word_1_75' title='bbox 629 1629 743 1706; x_wconf 81' lang='lat' dir='ltr'>milites</span> <span class='ocrx_word' id='word_1_76' title='bbox 768 1641 862 1732; x_wconf 91' lang='lat' dir='ltr'>pauci</span> <span class='ocrx_word' id='word_1_77' title='bbox 887 1635 1020 1738; x_wconf 90' lang='lat' dir='ltr'>quidem</span> <span class='ocrx_word' id='word_1_78' title='bbox 1036 1639 1099 1724; x_wconf 86' lang='lat' dir='ltr'>issi,</span> <span class='ocrx_word' id='word_1_79' title='bbox 1125 1660 1286 1718; x_wconf 86' lang='lat' dir='ltr'>caeterum</span> <span class='ocrx_word' id='word_1_80' title='bbox 1297 1638 1410 1728; x_wconf 83' lang='lat' dir='ltr'>fortet,</span> 
     </span>
     <span class='ocr_line' id='line_1_12' title="bbox 148 1727 1408 1838; baseline 0.008 -30"><span class='ocrx_word' id='word_1_81' title='bbox 148 1738 260 1836; x_wconf 88' lang='lat' dir='ltr'>impetu</span> <span class='ocrx_word' id='word_1_82' title='bbox 282 1739 316 1806; x_wconf 91' lang='lat' dir='ltr'>in</span> <span class='ocrx_word' id='word_1_83' title='bbox 342 1737 478 1808; x_wconf 85' lang='lat' dir='ltr'>Turcos</span> <span class='ocrx_word' id='word_1_84' title='bbox 502 1727 613 1816; x_wconf 73' lang='lat' dir='ltr'>fatto,</span> <span class='ocrx_word' id='word_1_85' title='bbox 639 1737 708 1806; x_wconf 89' lang='lat' dir='ltr'>vim</span> <span class='ocrx_word' id='word_1_86' title='bbox 733 1759 851 1819; x_wconf 89' lang='lat' dir='ltr'>eomm</span> <span class='ocrx_word' id='word_1_87' title='bbox 877 1735 1097 1838; x_wconf 77' lang='lat' dir='ltr'>cepreffierunt.</span> <span class='ocrx_word' id='word_1_88' title='bbox 1148 1745 1275 1816; x_wconf 77' lang='lat' dir='ltr'>Veritus</span> <span class='ocrx_word' id='word_1_89' title='bbox 1298 1763 1408 1818; x_wconf 85' lang='lat' dir='ltr'>tamen</span> 
     </span>
     <span class='ocr_line' id='line_1_13' title="bbox 144 1829 1408 1934; baseline 0.005 -24"><span class='ocrx_word' id='word_1_90' title='bbox 144 1839 335 1918; x_wconf 67' lang='lat' dir='ltr'>Bonnam,</span> <span class='ocrx_word' id='word_1_91' title='bbox 361 1859 405 1908; x_wconf 88' lang='lat' dir='ltr'>ne</span> <span class='ocrx_word' id='word_1_92' title='bbox 432 1829 564 1908; x_wconf 86' lang='lat' dir='ltr'>tandem</span> <span class='ocrx_word' id='word_1_93' title='bbox 592 1838 731 1934; x_wconf 87' lang='lat' dir='ltr'>paucitas</span> <span class='ocrx_word' id='word_1_94' title='bbox 756 1831 887 1910; x_wconf 84' lang='lat' dir='ltr'>suorum</span> <span class='ocrx_word' id='word_1_95' title='bbox 923 1843 1210 1916; x_wconf 79' lang='lat' dir='ltr'>circumueniretur</span> <span class='ocrx_word' id='word_1_96' title='bbox 1240 1843 1280 1916; x_wconf 86' lang='lat' dir='ltr'>ab</span> <span class='ocrx_word' id='word_1_97' title='bbox 1311 1843 1408 1916; x_wconf 87' lang='lat' dir='ltr'>abun·</span> 
     </span>
     <span class='ocr_line' id='line_1_14' title="bbox 141 1931 1409 2043; baseline 0.006 -33"><span class='ocrx_word' id='word_1_98' title='bbox 141 1933 277 2012; x_wconf 85' lang='lat' dir='ltr'>dantibm</span> <span class='ocrx_word' id='word_1_99' title='bbox 300 1961 443 2010; x_wconf 89' lang='lat' dir='ltr'>numero</span> <span class='ocrx_word' id='word_1_100' title='bbox 469 1935 631 2017; x_wconf 85' lang='lat' dir='ltr'>barbaris,</span> <span class='ocrx_word' id='word_1_101' title='bbox 656 1931 743 2007; x_wconf 85' lang='lat' dir='ltr'>misit</span> <span class='ocrx_word' id='word_1_102' title='bbox 768 1935 809 2010; x_wconf 90' lang='lat' dir='ltr'>ad</span> <span class='ocrx_word' id='word_1_103' title='bbox 835 1963 890 2012; x_wconf 78' lang='lat' dir='ltr'>eos</span> <span class='ocrx_word' id='word_1_104' title='bbox 916 1937 1171 2034; x_wconf 86' lang='lat' dir='ltr'>Chrysosculum</span> <span class='ocrx_word' id='word_1_105' title='bbox 1196 1947 1268 2030; x_wconf 79' lang='lat' dir='ltr'>mi,</span> <span class='ocrx_word' id='word_1_106' title='bbox 1293 1943 1409 2043; x_wconf 89' lang='lat' dir='ltr'>quiso·</span> 
     </span>
     <span class='ocr_line' id='line_1_15' title="bbox 141 2029 1407 2141; baseline 0.005 -31"><span class='ocrx_word' id='word_1_107' title='bbox 141 2057 224 2111; x_wconf 83' lang='lat' dir='ltr'>mnu</span> <span class='ocrx_word' id='word_1_108' title='bbox 247 2063 321 2110; x_wconf 86' lang='lat' dir='ltr'>curn</span> <span class='ocrx_word' id='word_1_109' title='bbox 348 2033 423 2140; x_wconf 84' lang='lat' dir='ltr'>ipsis</span> <span class='ocrx_word' id='word_1_110' title='bbox 449 2031 543 2108; x_wconf 87' lang='lat' dir='ltr'>facile</span> <span class='ocrx_word' id='word_1_111' title='bbox 581 2029 750 2134; x_wconf 83' lang='lat' dir='ltr'>persuasit,</span> <span class='ocrx_word' id='word_1_112' title='bbox 776 2059 839 2123; x_wconf 81' lang='lat' dir='ltr'>ut,</span> <span class='ocrx_word' id='word_1_113' title='bbox 861 2045 1002 2140; x_wconf 86' lang='lat' dir='ltr'>pecuniis</span> <span class='ocrx_word' id='word_1_114' title='bbox 1040 2045 1201 2141; x_wconf 80' lang='lat' dir='ltr'>acceptis,</span> <span class='ocrx_word' id='word_1_115' title='bbox 1225 2061 1311 2117; x_wconf 85' lang='lat' dir='ltr'>retro</span> <span class='ocrx_word' id='word_1_116' title='bbox 1326 2039 1407 2118; x_wconf 87' lang='lat' dir='ltr'>redi·</span> 
     </span>
     <span class='ocr_line' id='line_1_16' title="bbox 141 2129 1407 2316; baseline 0.006 -104"><span class='ocrx_word' id='word_1_117' title='bbox 141 2158 227 2220; x_wconf 87' lang='lat' dir='ltr'>rent,</span> <span class='ocrx_word' id='word_1_118' title='bbox 248 2136 358 2241; x_wconf 73' lang='lat' dir='ltr'>sieque</span> <span class='ocrx_word' id='word_1_119' title='bbox 382 2141 529 2217; x_wconf 85' lang='lat' dir='ltr'>Romani</span> <span class='ocrx_word' id='word_1_120' title='bbox 547 2129 904 2316; x_wconf 59' lang='lat' dir='ltr'>securumhaippemm,</span> <span class='ocrx_word' id='word_1_121' title='bbox 930 2145 1086 2219; x_wconf 75' lang='lat' dir='ltr'>Nicaeam</span> <span class='ocrx_word' id='word_1_122' title='bbox 1098 2139 1221 2247; x_wconf 81' lang='lat' dir='ltr'>usque,</span> <span class='ocrx_word' id='word_1_123' title='bbox 1244 2141 1407 2244; x_wconf 87' lang='lat' dir='ltr'>reliquum</span> 
     </span>
     <span class='ocr_line' id='line_1_17' title="bbox 143 2243 1542 2346; baseline 0.006 -33"><span class='ocrx_word' id='word_1_124' title='bbox 143 2243 206 2314; x_wconf 88' lang='lat' dir='ltr'>iter.</span> <span class='ocrx_word' id='word_1_125' title='bbox 832 2263 853 2318; x_wconf 85' lang='lat' dir='ltr'>a</span> <span class='ocrx_word' id='word_1_126' title='bbox 1168 2305 1172 2312; x_wconf 95' lang='lat'>.</span> <span class='ocrx_word' id='word_1_127' title='bbox 1287 2245 1325 2346; x_wconf 63' lang='lat' dir='ltr'>§t</span> <span class='ocrx_word' id='word_1_128' title='bbox 1349 2267 1409 2342; x_wconf 84' lang='lat'><em>115.</em></span> <span class='ocrx_word' id='word_1_129' title='bbox 1538 2273 1542 2284; x_wconf 95' lang='lat'><em>·</em></span> 
     </span>
    </p>
   </div>
   <div class='ocr_carea' id='block_1_4' title="bbox 132 2459 1491 4638">
    <p class='ocr_par' dir='ltr' id='par_1_4' title="bbox 132 2459 1491 4456">
     <span class='ocr_line' id='line_1_18' title="bbox 138 2459 1404 2554; baseline -0.005 -20"><span class='ocrx_word' id='word_1_130' title='bbox 138 2482 257 2535; x_wconf 78' lang='lat' dir='ltr'>nunnn</span> <span class='ocrx_word' id='word_1_131' title='bbox 276 2487 378 2554; x_wconf 82' lang='lat' dir='ltr'>apex,</span> <span class='ocrx_word' id='word_1_132' title='bbox 407 2465 461 2532; x_wconf 87' lang='lat' dir='ltr'>vbi</span> <span class='ocrx_word' id='word_1_133' title='bbox 485 2459 654 2539; x_wconf 77' lang='lat' dir='ltr'>Solymanni</span> <span class='ocrx_word' id='word_1_134' title='bbox 689 2485 742 2552; x_wconf 79' lang='lat' dir='ltr'>pa·</span> <span class='ocrx_word' id='word_1_135' title='bbox 790 2491 847 2530; x_wconf 72' lang='lat' dir='ltr'>aare</span> <span class='ocrx_word' id='word_1_136' title='bbox 870 2465 1047 2535; x_wconf 79' lang='lat' dir='ltr'>constituisse</span> <span class='ocrx_word' id='word_1_137' title='bbox 1072 2467 1281 2546; x_wconf 81' lang='lat' dir='ltr'>Soiymannmn</span> <span class='ocrx_word' id='word_1_138' title='bbox 1300 2469 1404 2535; x_wconf 85' lang='lat' dir='ltr'>t&#39;ciian.</span> 
     </span>
     <span class='ocr_line' id='line_1_19' title="bbox 139 2556 1401 2642; baseline 0.005 -24"><span class='ocrx_word' id='word_1_139' title='bbox 139 2575 241 2621; x_wconf 86' lang='lat' dir='ltr'>rentem</span> <span class='ocrx_word' id='word_1_140' title='bbox 263 2573 361 2619; x_wconf 82' lang='lat' dir='ltr'>exerte</span> <span class='ocrx_word' id='word_1_141' title='bbox 387 2569 485 2618; x_wconf 85' lang='lat' dir='ltr'>vocat.</span> <span class='ocrx_word' id='word_1_142' title='bbox 529 2556 624 2635; x_wconf 80' lang='lat' dir='ltr'>Atque</span> <span class='ocrx_word' id='word_1_143' title='bbox 649 2557 741 2616; x_wconf 84' lang='lat' dir='ltr'>exhia</span> <span class='ocrx_word' id='word_1_144' title='bbox 792 2573 841 2622; x_wconf 88' lang='lat' dir='ltr'>tur</span> <span class='ocrx_word' id='word_1_145' title='bbox 864 2559 961 2642; x_wconf 84' lang='lat' dir='ltr'>passim</span> <span class='ocrx_word' id='word_1_146' title='bbox 984 2557 1158 2641; x_wconf 77' lang='lat' dir='ltr'>scriptores,</span> <span class='ocrx_word' id='word_1_147' title='bbox 1181 2563 1213 2622; x_wconf 87' lang='lat' dir='ltr'>in</span> <span class='ocrx_word' id='word_1_148' title='bbox 1226 2559 1401 2624; x_wconf 70' lang='lat' dir='ltr'>Tuscorum</span> 
     </span>
     <span class='ocr_line' id='line_1_20' title="bbox 137 2637 1402 2728; baseline 0.002 -24"><span class='ocrx_word' id='word_1_149' title='bbox 137 2663 195 2706; x_wconf 91' lang='lat' dir='ltr'>non</span> <span class='ocrx_word' id='word_1_150' title='bbox 217 2645 406 2706; x_wconf 82' lang='lat' dir='ltr'>mediocriter</span> <span class='ocrx_word' id='word_1_151' title='bbox 430 2637 494 2702; x_wconf 81' lang='lat' dir='ltr'>salli</span> <span class='ocrx_word' id='word_1_152' title='bbox 518 2639 742 2723; x_wconf 83' lang='lat' dir='ltr'>deprehendun-</span> <span class='ocrx_word' id='word_1_153' title='bbox 790 2644 961 2708; x_wconf 69' lang='lat' dir='ltr'>concesserit</span> <span class='ocrx_word' id='word_1_154' title='bbox 985 2645 1176 2728; x_wconf 82' lang='lat' dir='ltr'>potestatem,</span> <span class='ocrx_word' id='word_1_155' title='bbox 1199 2660 1264 2705; x_wconf 82' lang='lat' dir='ltr'>cum</span> <span class='ocrx_word' id='word_1_156' title='bbox 1289 2645 1319 2708; x_wconf 90' lang='lat' dir='ltr'>id</span> <span class='ocrx_word' id='word_1_157' title='bbox 1350 2665 1402 2706; x_wconf 84' lang='lat' dir='ltr'>ne·</span> 
     </span>
     <span class='ocr_line' id='line_1_21' title="bbox 136 2727 1401 2814; baseline 0.003 -22"><span class='ocrx_word' id='word_1_158' title='bbox 136 2745 182 2792; x_wconf 88' lang='lat' dir='ltr'>tur</span> <span class='ocrx_word' id='word_1_159' title='bbox 204 2734 350 2807; x_wconf 70' lang='lat' dir='ltr'>Zonaras,</span> <span class='ocrx_word' id='word_1_160' title='bbox 374 2729 513 2800; x_wconf 75' lang='lat' dir='ltr'>Tyrius,</span> <span class='ocrx_word' id='word_1_161' title='bbox 536 2743 565 2792; x_wconf 90' lang='lat' dir='ltr'>et</span> <span class='ocrx_word' id='word_1_162' title='bbox 584 2727 741 2794; x_wconf 83' lang='lat' dir='ltr'>Aithonm.</span> <span class='ocrx_word' id='word_1_163' title='bbox 790 2750 841 2792; x_wconf 88' lang='lat' dir='ltr'>mo</span> <span class='ocrx_word' id='word_1_164' title='bbox 866 2732 1002 2794; x_wconf 69' lang='lat' dir='ltr'>haiienur</span> <span class='ocrx_word' id='word_1_165' title='bbox 1027 2731 1202 2814; x_wconf 81' lang='lat' dir='ltr'>prodiderit.</span> <span class='ocrx_word' id='word_1_166' title='bbox 1228 2731 1313 2805; x_wconf 76' lang='lat' dir='ltr'>Certe</span> <span class='ocrx_word' id='word_1_167' title='bbox 1333 2727 1401 2796; x_wconf 85' lang='lat' dir='ltr'>iicet</span> 
     </span>
     <span class='ocr_line' id='line_1_22' title="bbox 136 2811 1401 2900; baseline 0.001 -23"><span class='ocrx_word' id='word_1_168' title='bbox 136 2819 174 2877; x_wconf 77' lang='grc' dir='ltr'>Λε</span> <span class='ocrx_word' id='word_1_169' title='bbox 197 2820 322 2879; x_wconf 80' lang='lat' dir='ltr'>Zonaras</span> <span class='ocrx_word' id='word_1_170' title='bbox 337 2815 475 2896; x_wconf 89' lang='lat' dir='ltr'>quidem,</span> <span class='ocrx_word' id='word_1_171' title='bbox 501 2815 552 2896; x_wconf 90' lang='lat' dir='ltr'>qui</span> <span class='ocrx_word' id='word_1_172' title='bbox 571 2811 741 2876; x_wconf 88' lang='lat' dir='ltr'>Cutlumum</span> <span class='ocrx_word' id='word_1_173' title='bbox 789 2817 871 2900; x_wconf 84' lang='lat' dir='ltr'>qood</span> <span class='ocrx_word' id='word_1_174' title='bbox 896 2839 913 2880; x_wconf 88' lang='lat' dir='ltr'>a</span> <span class='ocrx_word' id='word_1_175' title='bbox 938 2819 1085 2888; x_wconf 78' lang='lat' dir='ltr'>nryennro</span> <span class='ocrx_word' id='word_1_176' title='bbox 1110 2816 1153 2878; x_wconf 90' lang='lat' dir='ltr'>lib</span> <span class='ocrx_word' id='word_1_177' title='bbox 1198 2833 1221 2888; x_wconf 82' lang='lat'>3.</span> <span class='ocrx_word' id='word_1_178' title='bbox 1245 2817 1284 2876; x_wconf 91' lang='lat' dir='ltr'>N.</span> <span class='ocrx_word' id='word_1_179' title='bbox 1299 2825 1401 2898; x_wconf 82' lang='lat'><strong>16,17‚</strong></span> 
     </span>
     <span class='ocr_line' id='line_1_23' title="bbox 138 2892 1402 2980; baseline -0.002 -15"><span class='ocrx_word' id='word_1_180' title='bbox 138 2901 314 2980; x_wconf 70' lang='lat' dir='ltr'>Tagroibeci</span> <span class='ocrx_word' id='word_1_181' title='bbox 332 2892 548 2974; x_wconf 61' lang='lat' dir='ltr'>diripuerunt,</span> <span class='ocrx_word' id='word_1_182' title='bbox 574 2897 622 2962; x_wconf 89' lang='lat' dir='ltr'>seu</span> <span class='ocrx_word' id='word_1_183' title='bbox 638 2897 742 2964; x_wconf 77' lang='lat' dir='ltr'>exsta·</span> <span class='ocrx_word' id='word_1_184' title='bbox 790 2917 827 2974; x_wconf 67' lang='grc' dir='ltr'>ιε.</span> <span class='ocrx_word' id='word_1_185' title='bbox 852 2901 1001 2979; x_wconf 71' lang='lat' dir='ltr'>stylitae,</span> <span class='ocrx_word' id='word_1_186' title='bbox 1029 2906 1142 2966; x_wconf 88' lang='lat' dir='ltr'>Zonara</span> <span class='ocrx_word' id='word_1_187' title='bbox 1168 2915 1197 2963; x_wconf 89' lang='lat' dir='ltr'>et</span> <span class='ocrx_word' id='word_1_188' title='bbox 1223 2899 1287 2962; x_wconf 83' lang='lat' dir='ltr'>asiis</span> <span class='ocrx_word' id='word_1_189' title='bbox 1312 2901 1402 2964; x_wconf 81' lang='lat' dir='ltr'>tradi·</span> 
     </span>
     <span class='ocr_line' id='line_1_24' title="bbox 137 2983 1402 3073; baseline -0.006 -22"><span class='ocrx_word' id='word_1_190' title='bbox 137 3005 181 3052; x_wconf 85' lang='lat' dir='ltr'>tce</span> <span class='ocrx_word' id='word_1_191' title='bbox 203 3008 338 3072; x_wconf 84' lang='lat' dir='ltr'>nepotem</span> <span class='ocrx_word' id='word_1_192' title='bbox 351 2989 562 3060; x_wconf 76' lang='lat' dir='ltr'>sacitrTyriua</span> <span class='ocrx_word' id='word_1_193' title='bbox 575 3007 647 3048; x_wconf 85' lang='lat' dir='ltr'>uero</span> <span class='ocrx_word' id='word_1_194' title='bbox 657 2983 708 3048; x_wconf 87' lang='lat' dir='ltr'>sib.</span> <span class='ocrx_word' id='word_1_195' title='bbox 718 3003 741 3058; x_wconf 79' lang='lat'>3.</span> <span class='ocrx_word' id='word_1_196' title='bbox 790 3004 860 3066; x_wconf 85' lang='lat' dir='ltr'>tur,</span> <span class='ocrx_word' id='word_1_197' title='bbox 885 3011 901 3052; x_wconf 88' lang='lat' dir='ltr'>a</span> <span class='ocrx_word' id='word_1_198' title='bbox 927 2991 1129 3052; x_wconf 81' lang='lat' dir='ltr'>Nicaeeniibua</span> <span class='ocrx_word' id='word_1_199' title='bbox 1162 3003 1311 3073; x_wconf 83' lang='lat' dir='ltr'>exceptum</span> <span class='ocrx_word' id='word_1_200' title='bbox 1345 2989 1402 3050; x_wconf 87' lang='lat' dir='ltr'>Bo.</span> 
     </span>
     <span class='ocr_line' id='line_1_25' title="bbox 139 3069 1401 3160; baseline 0.001 -25"><span class='ocrx_word' id='word_1_201' title='bbox 139 3096 201 3158; x_wconf 90' lang='lat' dir='ltr'>cap.</span> <span class='ocrx_word' id='word_1_202' title='bbox 214 3096 235 3137; x_wconf 88' lang='grc' dir='ltr'>ι.</span> <span class='ocrx_word' id='word_1_203' title='bbox 254 3092 282 3138; x_wconf 90' lang='lat' dir='ltr'>ct</span> <span class='ocrx_word' id='word_1_204' title='bbox 302 3077 440 3138; x_wconf 77' lang='lat' dir='ltr'>Aithonm</span> <span class='ocrx_word' id='word_1_205' title='bbox 463 3093 494 3134; x_wconf 91' lang='lat' dir='ltr'>ca</span> <span class='ocrx_word' id='word_1_206' title='bbox 516 3090 574 3148; x_wconf 84' lang='lat'>.15.</span> <span class='ocrx_word' id='word_1_207' title='bbox 591 3075 643 3155; x_wconf 89' lang='lat' dir='ltr'>qui</span> <span class='ocrx_word' id='word_1_208' title='bbox 658 3071 742 3146; x_wconf 81' lang='lat' dir='ltr'>Soly·</span> <span class='ocrx_word' id='word_1_209' title='bbox 791 3077 927 3142; x_wconf 74' lang='lat' dir='ltr'>taniatam</span> <span class='ocrx_word' id='word_1_210' title='bbox 960 3091 988 3136; x_wconf 94' lang='lat' dir='ltr'>et</span> <span class='ocrx_word' id='word_1_211' title='bbox 1016 3077 1225 3160; x_wconf 84' lang='lat' dir='ltr'>imperatorem</span> <span class='ocrx_word' id='word_1_212' title='bbox 1263 3069 1401 3136; x_wconf 79' lang='lat' dir='ltr'>acclama·</span> 
     </span>
     <span class='ocr_line' id='line_1_26' title="bbox 138 3158 1400 3246; baseline -0.001 -23"><span class='ocrx_word' id='word_1_213' title='bbox 138 3183 277 3225; x_wconf 81' lang='lat' dir='ltr'>mannum</span> <span class='ocrx_word' id='word_1_214' title='bbox 292 3177 423 3246; x_wconf 89' lang='lat' dir='ltr'>nepotem</span> <span class='ocrx_word' id='word_1_215' title='bbox 433 3159 475 3221; x_wconf 92' lang='lat' dir='ltr'>sui</span> <span class='ocrx_word' id='word_1_216' title='bbox 499 3158 741 3224; x_wconf 86' lang='lat' dir='ltr'>escribuntGue·</span> <span class='ocrx_word' id='word_1_217' title='bbox 790 3177 876 3238; x_wconf 88' lang='lat' dir='ltr'>tum,</span> <span class='ocrx_word' id='word_1_218' title='bbox 900 3160 1050 3246; x_wconf 87' lang='lat' dir='ltr'>perspicue</span> <span class='ocrx_word' id='word_1_219' title='bbox 1075 3163 1212 3238; x_wconf 78' lang='lat' dir='ltr'>mineat,</span> <span class='ocrx_word' id='word_1_220' title='bbox 1243 3161 1295 3221; x_wconf 89' lang='lat' dir='ltr'>hac</span> <span class='ocrx_word' id='word_1_221' title='bbox 1327 3175 1400 3222; x_wconf 86' lang='lat' dir='ltr'>tear·</span> 
     </span>
     <span class='ocr_line' id='line_1_27' title="bbox 137 3243 1401 3332; baseline 0.001 -22"><span class='ocrx_word' id='word_1_222' title='bbox 137 3245 529 3310; x_wconf 76' lang='lat' dir='ltr'>tedolduitnibaetrsenaii</span> <span class='ocrx_word' id='word_1_223' title='bbox 549 3243 739 3323; x_wconf 83' lang='lat' dir='ltr'>Sultani‚cui</span> <span class='ocrx_word' id='word_1_224' title='bbox 791 3249 918 3332; x_wconf 82' lang='lat' dir='ltr'>pestate,</span> <span class='ocrx_word' id='word_1_225' title='bbox 941 3249 970 3309; x_wconf 89' lang='lat' dir='ltr'>h.</span> <span class='ocrx_word' id='word_1_226' title='bbox 990 3267 1015 3309; x_wconf 93' lang='lat' dir='ltr'>e.</span> <span class='ocrx_word' id='word_1_227' title='bbox 1039 3245 1091 3311; x_wconf 86' lang='lat' dir='ltr'>sub</span> <span class='ocrx_word' id='word_1_228' title='bbox 1115 3267 1140 3308; x_wconf 88' lang='lat' dir='ltr'>a.</span> <span class='ocrx_word' id='word_1_229' title='bbox 1165 3261 1194 3308; x_wconf 75' lang='lat' dir='ltr'>c,</span> <span class='ocrx_word' id='word_1_230' title='bbox 1215 3259 1401 3311; x_wconf 75' lang='lat' dir='ltr'>Mtxxvur.</span> 
     </span>
     <span class='ocr_line' id='line_1_28' title="bbox 135 3329 1398 3417; baseline -0.005 -21"><span class='ocrx_word' id='word_1_231' title='bbox 135 3332 424 3410; x_wconf 63' lang='lat' dir='ltr'>retineremur,</span> <span class='ocrx_word' id='word_1_232' title='bbox 448 3334 592 3396; x_wconf 80' lang='lat' dir='ltr'>Aithonua</span> <span class='ocrx_word' id='word_1_233' title='bbox 621 3329 740 3417; x_wconf 81' lang='lat' dir='ltr'>Aspasa-</span> <span class='ocrx_word' id='word_1_234' title='bbox 788 3337 927 3398; x_wconf 83' lang='lat' dir='ltr'>Nicaeam</span> <span class='ocrx_word' id='word_1_235' title='bbox 952 3337 1069 3396; x_wconf 81' lang='lat' dir='ltr'>Graecia</span> <span class='ocrx_word' id='word_1_236' title='bbox 1093 3331 1239 3414; x_wconf 84' lang='lat' dir='ltr'>paruisse,</span> <span class='ocrx_word' id='word_1_237' title='bbox 1270 3329 1326 3394; x_wconf 90' lang='lat' dir='ltr'>islo</span> <span class='ocrx_word' id='word_1_238' title='bbox 1347 3331 1398 3396; x_wconf 74' lang='lat' dir='ltr'>&#39;ta-</span> 
     </span>
     <span class='ocr_line' id='line_1_29' title="bbox 136 3418 1400 3504; baseline 0 -22"><span class='ocrx_word' id='word_1_239' title='bbox 136 3418 203 3483; x_wconf 81' lang='lat' dir='ltr'>lenti</span> <span class='ocrx_word' id='word_1_240' title='bbox 222 3441 330 3484; x_wconf 88' lang='lat' dir='ltr'>nomen</span> <span class='ocrx_word' id='word_1_241' title='bbox 357 3419 500 3486; x_wconf 85' lang='lat' dir='ltr'>tribuunt.</span> <span class='ocrx_word' id='word_1_242' title='bbox 525 3421 681 3481; x_wconf 86' lang='lat' dir='ltr'>Enimuero</span> <span class='ocrx_word' id='word_1_243' title='bbox 707 3433 739 3481; x_wconf 84' lang='lat' dir='ltr'>vt</span> <span class='ocrx_word' id='word_1_244' title='bbox 788 3442 856 3482; x_wconf 89' lang='lat' dir='ltr'>men</span> <span class='ocrx_word' id='word_1_245' title='bbox 882 3421 1046 3504; x_wconf 83' lang='lat' dir='ltr'>imperante</span> <span class='ocrx_word' id='word_1_246' title='bbox 1086 3419 1206 3481; x_wconf 84' lang='lat' dir='ltr'>Turcoa</span> <span class='ocrx_word' id='word_1_247' title='bbox 1247 3418 1400 3496; x_wconf 64' lang='lat' dir='ltr'>mnotusse</span> 
     </span>
     <span class='ocr_line' id='line_1_30' title="bbox 138 3503 1397 3589; baseline 0 -21"><span class='ocrx_word' id='word_1_248' title='bbox 138 3507 283 3572; x_wconf 78' lang='lat' dir='ltr'>Curiorum</span> <span class='ocrx_word' id='word_1_249' title='bbox 310 3513 432 3589; x_wconf 87' lang='lat' dir='ltr'>eiuaque</span> <span class='ocrx_word' id='word_1_250' title='bbox 455 3503 510 3570; x_wconf 83' lang='lat' dir='ltr'>filii</span> <span class='ocrx_word' id='word_1_251' title='bbox 530 3507 740 3587; x_wconf 83' lang='lat' dir='ltr'>quinque[tot</span> <span class='ocrx_word' id='word_1_252' title='bbox 790 3507 959 3585; x_wconf 76' lang='lat' dir='ltr'>dominor,</span> <span class='ocrx_word' id='word_1_253' title='bbox 990 3507 1108 3569; x_wconf 87' lang='lat' dir='ltr'>videtur</span> <span class='ocrx_word' id='word_1_254' title='bbox 1145 3506 1274 3566; x_wconf 90' lang='lat' dir='ltr'>indicare</span> <span class='ocrx_word' id='word_1_255' title='bbox 1318 3505 1397 3570; x_wconf 82' lang='lat' dir='ltr'>idem</span> 
     </span>
     <span class='ocr_line' id='line_1_31' title="bbox 138 3587 1397 3674; baseline 0.001 -19"><span class='ocrx_word' id='word_1_256' title='bbox 138 3598 211 3657; x_wconf 89' lang='lat' dir='ltr'>enim</span> <span class='ocrx_word' id='word_1_257' title='bbox 231 3595 484 3674; x_wconf 69' lang='lat' dir='ltr'>aiiignatiibetoe</span> <span class='ocrx_word' id='word_1_258' title='bbox 510 3591 649 3654; x_wconf 84' lang='lat' dir='ltr'>Cutlumo</span> <span class='ocrx_word' id='word_1_259' title='bbox 675 3595 739 3666; x_wconf 80' lang='lat' dir='ltr'>Sey·</span> <span class='ocrx_word' id='word_1_260' title='bbox 788 3597 947 3666; x_wconf 79' lang='lat' dir='ltr'>Bryennim</span> <span class='ocrx_word' id='word_1_261' title='bbox 974 3589 1026 3655; x_wconf 87' lang='lat' dir='ltr'>iib.</span> <span class='ocrx_word' id='word_1_262' title='bbox 1050 3615 1077 3667; x_wconf 80' lang='lat'>4.</span> <span class='ocrx_word' id='word_1_263' title='bbox 1101 3593 1140 3653; x_wconf 91' lang='lat' dir='ltr'>N.</span> <span class='ocrx_word' id='word_1_264' title='bbox 1165 3587 1397 3656; x_wconf 68' lang='lat' dir='ltr'>adunienbm</span> 
     </span>
     <span class='ocr_line' id='line_1_32' title="bbox 137 3675 1395 3766; baseline -0.002 -24"><span class='ocrx_word' id='word_1_265' title='bbox 137 3679 229 3755; x_wconf 80' lang='lat' dir='ltr'>sines,</span> <span class='ocrx_word' id='word_1_266' title='bbox 251 3705 327 3766; x_wconf 81' lang='lat' dir='ltr'>quoe</span> <span class='ocrx_word' id='word_1_267' title='bbox 352 3683 431 3745; x_wconf 87' lang='lat' dir='ltr'>inter</span> <span class='ocrx_word' id='word_1_268' title='bbox 464 3679 672 3749; x_wconf 80' lang='lat' dir='ltr'>solymannum</span> <span class='ocrx_word' id='word_1_269' title='bbox 711 3696 739 3744; x_wconf 85' lang='lat' dir='ltr'>et</span> <span class='ocrx_word' id='word_1_270' title='bbox 789 3683 971 3744; x_wconf 84' lang='lat' dir='ltr'>Botaniatam</span> <span class='ocrx_word' id='word_1_271' title='bbox 996 3682 1205 3762; x_wconf 82' lang='lat' dir='ltr'>imperatorem</span> <span class='ocrx_word' id='word_1_272' title='bbox 1231 3675 1340 3738; x_wconf 73' lang='lat' dir='ltr'>saelum</span> <span class='ocrx_word' id='word_1_273' title='bbox 1356 3677 1395 3740; x_wconf 90' lang='lat' dir='ltr'>ie-</span> 
     </span>
     <span class='ocr_line' id='line_1_33' title="bbox 139 3761 1481 3846; baseline -0.008 -15"><span class='ocrx_word' id='word_1_274' title='bbox 139 3769 311 3837; x_wconf 65' lang='lat' dir='ltr'>maiomam</span> <span class='ocrx_word' id='word_1_275' title='bbox 337 3766 466 3831; x_wconf 84' lang='lat' dir='ltr'>recenset</span> <span class='ocrx_word' id='word_1_276' title='bbox 479 3767 639 3837; x_wconf 63' lang='lat' dir='ltr'>triennio·</span> <span class='ocrx_word' id='word_1_277' title='bbox 655 3769 738 3843; x_wconf 88' lang='lat' dir='ltr'>[vid.</span> <span class='ocrx_word' id='word_1_278' title='bbox 789 3783 872 3846; x_wconf 75' lang='lat' dir='ltr'>gatos</span> <span class='ocrx_word' id='word_1_279' title='bbox 894 3763 997 3828; x_wconf 79' lang='lat' dir='ltr'>misisse</span> <span class='ocrx_word' id='word_1_280' title='bbox 1020 3766 1056 3826; x_wconf 91' lang='lat' dir='ltr'>ad</span> <span class='ocrx_word' id='word_1_281' title='bbox 1078 3761 1284 3835; x_wconf 77' lang='lat' dir='ltr'>solymannum</span> <span class='ocrx_word' id='word_1_282' title='bbox 1296 3781 1324 3826; x_wconf 92' lang='lat' dir='ltr'>et</span> <span class='ocrx_word' id='word_1_283' title='bbox 1333 3769 1397 3825; x_wconf 84' lang='lat' dir='ltr'>Ma·</span> <span class='ocrx_word' id='word_1_284' title='bbox 1472 3815 1481 3820; x_wconf 93' lang='lat'>-</span> 
     </span>
     <span class='ocr_line' id='line_1_34' title="bbox 136 3847 1397 3939; baseline -0.008 -20"><span class='ocrx_word' id='word_1_285' title='bbox 136 3863 163 3939; x_wconf 56' lang='grc' dir='ltr'><em>ς</em></span> <span class='ocrx_word' id='word_1_286' title='bbox 188 3867 267 3935; x_wconf 72' lang='grc' dir='ltr'><strong>ιη.)</strong></span> <span class='ocrx_word' id='word_1_287' title='bbox 300 3857 497 3936; x_wconf 62' lang='lat' dir='ltr'>Lycaoniam,</span> <span class='ocrx_word' id='word_1_288' title='bbox 528 3853 740 3935; x_wconf 86' lang='lat' dir='ltr'>Cappadociam</span> <span class='ocrx_word' id='word_1_289' title='bbox 789 3855 905 3930; x_wconf 86' lang='lat' dir='ltr'>surum,</span> <span class='ocrx_word' id='word_1_290' title='bbox 933 3873 983 3912; x_wconf 76' lang='lat' dir='ltr'>eac</span> <span class='ocrx_word' id='word_1_291' title='bbox 1008 3875 1062 3909; x_wconf 76' lang='lat' dir='ltr'>ear</span> <span class='ocrx_word' id='word_1_292' title='bbox 1085 3853 1199 3928; x_wconf 63' lang='lat' dir='ltr'>Tapae»</span> <span class='ocrx_word' id='word_1_293' title='bbox 1228 3847 1397 3928; x_wconf 63' lang='grc' dir='ltr'>ἐξερχεται</span> 
     </span>
     <span class='ocr_line' id='line_1_35' title="bbox 137 3933 1455 4024; baseline -0.006 -18"><span class='ocrx_word' id='word_1_294' title='bbox 137 3961 166 4006; x_wconf 88' lang='lat' dir='ltr'>et</span> <span class='ocrx_word' id='word_1_295' title='bbox 184 3944 346 4018; x_wconf 77' lang='lat' dir='ltr'>Bithyniam</span> <span class='ocrx_word' id='word_1_296' title='bbox 371 3941 562 4024; x_wconf 86' lang='lat' dir='ltr'>occuparint,</span> <span class='ocrx_word' id='word_1_297' title='bbox 588 3935 649 4000; x_wconf 85' lang='lat' dir='ltr'>fuse</span> <span class='ocrx_word' id='word_1_298' title='bbox 675 3939 741 4002; x_wconf 87' lang='lat' dir='ltr'>satia</span> <span class='ocrx_word' id='word_1_299' title='bbox 789 3945 815 4001; x_wconf 76' lang='lat' dir='ltr'>ia</span> <span class='ocrx_word' id='word_1_300' title='bbox 839 3943 946 4010; x_wconf 60' lang='lat' dir='ltr'>Nereae</span> <span class='ocrx_word' id='word_1_301' title='bbox 971 3933 1181 4016; x_wconf 59' lang='lat' dir='ltr'>increpatione,</span> <span class='ocrx_word' id='word_1_302' title='bbox 1207 3939 1259 4017; x_wconf 86' lang='lat' dir='ltr'>qui</span> <span class='ocrx_word' id='word_1_303' title='bbox 1271 3953 1332 3999; x_wconf 91' lang='lat' dir='ltr'>tum</span> <span class='ocrx_word' id='word_1_304' title='bbox 1344 3939 1399 3998; x_wconf 89' lang='lat' dir='ltr'>Ni·</span> <span class='ocrx_word' id='word_1_305' title='bbox 1450 3942 1455 3952; x_wconf 83' lang='lat'><em>&#39;</em></span> 
     </span>
     <span class='ocr_line' id='line_1_36' title="bbox 137 4020 1491 4103; baseline -0.007 -10"><span class='ocrx_word' id='word_1_306' title='bbox 137 4051 242 4096; x_wconf 75' lang='lat' dir='ltr'>narrat</span> <span class='ocrx_word' id='word_1_307' title='bbox 259 4037 390 4092; x_wconf 81' lang='lat' dir='ltr'>zonarae</span> <span class='ocrx_word' id='word_1_308' title='bbox 425 4033 455 4090; x_wconf 91' lang='lat' dir='ltr'>in</span> <span class='ocrx_word' id='word_1_309' title='bbox 492 4027 627 4086; x_wconf 84' lang='lat' dir='ltr'>Romano</span> <span class='ocrx_word' id='word_1_310' title='bbox 669 4029 742 4088; x_wconf 85' lang='lat' dir='ltr'>oio·</span> <span class='ocrx_word' id='word_1_311' title='bbox 789 4047 872 4092; x_wconf 89' lang='lat' dir='ltr'>caeae</span> <span class='ocrx_word' id='word_1_312' title='bbox 894 4026 1057 4103; x_wconf 74' lang='lat' dir='ltr'>degebant,</span> <span class='ocrx_word' id='word_1_313' title='bbox 1078 4023 1144 4084; x_wconf 88' lang='lat' dir='ltr'>sane</span> <span class='ocrx_word' id='word_1_314' title='bbox 1167 4043 1232 4084; x_wconf 89' lang='lat' dir='ltr'>cum</span> <span class='ocrx_word' id='word_1_315' title='bbox 1250 4020 1399 4094; x_wconf 80' lang='lat' dir='ltr'>Solyman·</span> <span class='ocrx_word' id='word_1_316' title='bbox 1490 4081 1491 4084; x_wconf 74' lang='grc'>,</span> 
     </span>
     <span class='ocr_line' id='line_1_37' title="bbox 132 4111 1398 4198; baseline -0.005 -18"><span class='ocrx_word' id='word_1_317' title='bbox 132 4139 216 4198; x_wconf 73' lang='lat' dir='ltr'>gene,</span> <span class='ocrx_word' id='word_1_318' title='bbox 244 4138 272 4181; x_wconf 84' lang='lat' dir='ltr'>et</span> <span class='ocrx_word' id='word_1_319' title='bbox 294 4119 375 4179; x_wconf 86' lang='lat' dir='ltr'>idem</span> <span class='ocrx_word' id='word_1_320' title='bbox 400 4113 536 4187; x_wconf 61' lang='lat' dir='ltr'>sentines</span> <span class='ocrx_word' id='word_1_321' title='bbox 565 4112 596 4172; x_wconf 90' lang='lat' dir='ltr'>in</span> <span class='ocrx_word' id='word_1_322' title='bbox 620 4113 741 4175; x_wconf 88' lang='lat' dir='ltr'>Botani-</span> <span class='ocrx_word' id='word_1_323' title='bbox 789 4120 821 4180; x_wconf 91' lang='lat' dir='ltr'>ni</span> <span class='ocrx_word' id='word_1_324' title='bbox 846 4115 952 4176; x_wconf 85' lang='lat' dir='ltr'>vetem</span> <span class='ocrx_word' id='word_1_325' title='bbox 976 4115 1056 4191; x_wconf 82' lang='lat' dir='ltr'>regia</span> <span class='ocrx_word' id='word_1_326' title='bbox 1077 4112 1232 4188; x_wconf 81' lang='lat' dir='ltr'>exstiterit,</span> <span class='ocrx_word' id='word_1_327' title='bbox 1258 4111 1398 4174; x_wconf 86' lang='lat' dir='ltr'>Nicaeam</span> 
     </span>
     <span class='ocr_line' id='line_1_38' title="bbox 137 4195 1398 4288; baseline -0.008 -20"><span class='ocrx_word' id='word_1_328' title='bbox 137 4223 186 4269; x_wconf 88' lang='lat' dir='ltr'>ata.</span> <span class='ocrx_word' id='word_1_329' title='bbox 209 4212 354 4269; x_wconf 87' lang='lat' dir='ltr'>Incertum</span> <span class='ocrx_word' id='word_1_330' title='bbox 380 4217 475 4264; x_wconf 88' lang='lat' dir='ltr'>tamen</span> <span class='ocrx_word' id='word_1_331' title='bbox 500 4196 618 4280; x_wconf 72' lang='lat' dir='ltr'>prorsus</span> <span class='ocrx_word' id='word_1_332' title='bbox 648 4197 739 4260; x_wconf 84' lang='lat' dir='ltr'>resin·</span> <span class='ocrx_word' id='word_1_333' title='bbox 790 4211 909 4288; x_wconf 84' lang='lat' dir='ltr'>oportet</span> <span class='ocrx_word' id='word_1_334' title='bbox 938 4215 1004 4260; x_wconf 87' lang='lat' dir='ltr'>ante</span> <span class='ocrx_word' id='word_1_335' title='bbox 1028 4195 1107 4258; x_wconf 76' lang='lat' dir='ltr'>illius</span> <span class='ocrx_word' id='word_1_336' title='bbox 1144 4196 1311 4272; x_wconf 85' lang='lat' dir='ltr'>excess&#39;um,</span> <span class='ocrx_word' id='word_1_337' title='bbox 1345 4199 1398 4278; x_wconf 84' lang='lat' dir='ltr'>qui</span> 
     </span>
     <span class='ocr_line' id='line_1_39' title="bbox 134 4283 1398 4376; baseline -0.004 -25"><span class='ocrx_word' id='word_1_338' title='bbox 134 4296 249 4376; x_wconf 82' lang='lat' dir='ltr'>quitur,</span> <span class='ocrx_word' id='word_1_339' title='bbox 271 4290 393 4375; x_wconf 86' lang='lat' dir='ltr'>quando</span> <span class='ocrx_word' id='word_1_340' title='bbox 421 4307 449 4352; x_wconf 84' lang='lat' dir='ltr'>et</span> <span class='ocrx_word' id='word_1_341' title='bbox 480 4305 541 4368; x_wconf 91' lang='lat' dir='ltr'>quo</span> <span class='ocrx_word' id='word_1_342' title='bbox 576 4287 738 4364; x_wconf 84' lang='lat' dir='ltr'>imperante</span> <span class='ocrx_word' id='word_1_343' title='bbox 789 4308 867 4353; x_wconf 83' lang='lat' dir='ltr'>anno</span> <span class='ocrx_word' id='word_1_344' title='bbox 892 4285 1008 4346; x_wconf 88' lang='lat' dir='ltr'>demum</span> <span class='ocrx_word' id='word_1_345' title='bbox 1040 4297 1207 4343; x_wconf 81' lang='lat' dir='ltr'>Mnxxxv.</span> <span class='ocrx_word' id='word_1_346' title='bbox 1240 4283 1398 4364; x_wconf 75' lang='lat' dir='ltr'>contigit,</span> 
     </span>
     <span class='ocr_line' id='line_1_40' title="bbox 133 4365 1259 4456; baseline -0.013 -12"><span class='ocrx_word' id='word_1_347' title='bbox 133 4381 232 4444; x_wconf 85' lang='lat' dir='ltr'>Nicaea</span> <span class='ocrx_word' id='word_1_348' title='bbox 265 4379 420 4450; x_wconf 78' lang='lat' dir='ltr'>Bithyniae</span> <span class='ocrx_word' id='word_1_349' title='bbox 461 4369 664 4456; x_wconf 84' lang='lat' dir='ltr'>metropolit,</span> <span class='ocrx_word' id='word_1_350' title='bbox 705 4374 736 4434; x_wconf 89' lang='lat' dir='ltr'>in</span> <span class='ocrx_word' id='word_1_351' title='bbox 786 4381 820 4442; x_wconf 77' lang='lat' dir='ltr'>in</span> <span class='ocrx_word' id='word_1_352' title='bbox 847 4373 1021 4436; x_wconf 81' lang='lat' dir='ltr'>Turcorum</span> <span class='ocrx_word' id='word_1_353' title='bbox 1046 4371 1092 4430; x_wconf 86' lang='lat' dir='ltr'>iua</span> <span class='ocrx_word' id='word_1_354' title='bbox 1117 4365 1259 4447; x_wconf 81' lang='lat' dir='ltr'>venisse„</span> 
     </span>
    </p>

    <p class='ocr_par' dir='ltr' id='par_1_5' title="bbox 134 4457 1000 4548">
     <span class='ocr_line' id='line_1_41' title="bbox 134 4457 1000 4548; baseline -0.006 -21"><span class='ocrx_word' id='word_1_355' title='bbox 134 4486 186 4548; x_wconf 70' lang='lat' dir='ltr'>mia</span> <span class='ocrx_word' id='word_1_356' title='bbox 214 4471 299 4546; x_wconf 70' lang='lat' dir='ltr'>regni</span> <span class='ocrx_word' id='word_1_357' title='bbox 334 4465 453 4544; x_wconf 83' lang='lat' dir='ltr'>sedem,</span> <span class='ocrx_word' id='word_1_358' title='bbox 483 4457 557 4540; x_wconf 86' lang='lat' dir='ltr'>seu,</span> <span class='ocrx_word' id='word_1_359' title='bbox 590 4473 622 4520; x_wconf 79' lang='lat' dir='ltr'>vt</span> <span class='ocrx_word' id='word_1_360' title='bbox 656 4462 738 4522; x_wconf 77' lang='lat' dir='ltr'>Anna</span> <span class='ocrx_word' id='word_1_361' title='bbox 995 4519 1000 4534; x_wconf 77' lang='grc'>,</span> 
     </span>
    </p>

    <p class='ocr_par' dir='ltr' id='par_1_6' title="bbox 133 4531 1356 4638">
     <span class='ocr_line' id='line_1_42' title="bbox 133 4531 1356 4638; baseline -0.02 -15"><span class='ocrx_word' id='word_1_362' title='bbox 133 4549 258 4638; x_wconf 81' lang='lat' dir='ltr'>loquitur</span> <span class='ocrx_word' id='word_1_363' title='bbox 281 4555 337 4620; x_wconf 86' lang='lat' dir='ltr'>lib.</span> <span class='ocrx_word' id='word_1_364' title='bbox 357 4570 383 4626; x_wconf 78' lang='lat' dir='ltr'>a.</span> <span class='ocrx_word' id='word_1_365' title='bbox 406 4569 437 4636; x_wconf 83' lang='lat' dir='ltr'>p·</span> <span class='ocrx_word' id='word_1_366' title='bbox 459 4563 502 4626; x_wconf 82' lang='lat'>95·</span> <span class='ocrx_word' id='word_1_367' title='bbox 533 4569 567 4608; x_wconf 72' lang='grc' dir='ltr'>τε</span> <span class='ocrx_word' id='word_1_368' title='bbox 598 4547 740 4608; x_wconf 60' lang='lat' dir='ltr'>Mmt-</span> <span class='ocrx_word' id='word_1_369' title='bbox 826 4553 882 4622; x_wconf 79' lang='lat' dir='ltr'>tn)</span> <span class='ocrx_word' id='word_1_370' title='bbox 905 4545 949 4608; x_wconf 87' lang='lat' dir='ltr'>De</span> <span class='ocrx_word' id='word_1_371' title='bbox 972 4543 1030 4607; x_wconf 89' lang='lat' dir='ltr'>hoc</span> <span class='ocrx_word' id='word_1_372' title='bbox 1054 4539 1121 4606; x_wconf 84' lang='lat' dir='ltr'>vide</span> <span class='ocrx_word' id='word_1_373' title='bbox 1144 4535 1229 4624; x_wconf 85' lang='lat' dir='ltr'>supra</span> <span class='ocrx_word' id='word_1_374' title='bbox 1251 4531 1285 4620; x_wconf 68' lang='grc' dir='ltr'>Ι.</span> <span class='ocrx_word' id='word_1_375' title='bbox 1307 4552 1356 4619; x_wconf 76' lang='lat'>91.</span> 
     </span>
    </p>
   </div>
   <div class='ocr_carea' id='block_1_5' title="bbox 0 0 2040 5742">
    <p class='ocr_par' dir='ltr' id='par_1_7' title="bbox 0 0 2040 5742">
     <span class='ocr_line' id='line_1_43' title="bbox 0 0 2040 5742; baseline 0 0"><span class='ocrx_word' id='word_1_376' title='bbox 0 0 2040 5742; x_wconf 95' lang='lat' dir='ltr'> </span> 
     </span>
    </p>
   </div>
  </div>
 </body>
</html>
