4034 5746
639 507 913 598 cnthlt
1048 583 1052 594 .
1356 527 1423 616 667

610 747 639 796 a.
664 725 703 800 C.
728 725 964 812 not-tm(
1050 755 1052 762 ⁴

130 887 305 966 obfidione
334 886 733 990 pretttebat‚,ptiusquarn
763 885 804 962 de
831 881 956 960 summa
980 909 1090 976 rerum
1115 881 1234 958 bellum
1258 893 1422 990 arriperet,

128 991 265 1064 idoneas
292 987 415 1088 aliquot
441 992 550 1086 copias
579 993 611 1060 in
635 993 792 1064 auxilinm
818 1014 860 1060 eo
885 983 1008 1079 mitit„
1024 986 1156 1062 ducibus
1174 991 1338 1068 Michaele
1361 997 1424 1068 Ga.

124 1095 187 1166 bra
214 1111 245 1166 et
270 1085 408 1192 loseplto
434 1093 621 1182 nyennto,
646 1086 703 1164 sub
727 1091 840 1190 quibus
865 1087 1040 1164 militabant
1071 1089 1122 1164 alii
1145 1093 1228 1162 inter
1252 1095 1422 1168 Romanor

126 1195 336 1272 illustriores,
366 1199 523 1269 inaures,
550 1215 777 1290 cognomento
821 1190 990 1289 nugata,
1026 1195 1075 1268 vir
1111 1189 1241 1268 militiae
1280 1192 1422 1294 peritilli-

126 1292 232 1382 mus',
264 1315 297 1366 et
322 1299 458 1366 loarutes
484 1289 568 1374 iles,
595 1299 727 1366 natione
754 1289 887 1393 quidem
912 1285 1026 1376 Persa,
1052 1310 1215 1366 caeterum
1247 1296 1328 1372 inter
1353 1297 1422 1370 ltu

126 1421 249 1472 manos
276 1399 412 1486 nutritus
439 1413 470 1466 et
496 1393 658 1468 educatus.
689 1403 841 1494 Cumque
872 1389 1051 1491 plurimum
1078 1392 1147 1466 urbi
1172 1395 1325 1472 auxilitun
1359 1393 1422 1470 fer·

128 1496 311 1576 revellet,
338 1523 433 1568 naues
458 1497 642 1594 complures
668 1497 819 1570 militibus
845 1493 1092 1594 rebusque-alsit
1127 1491 1303 1572 necessariis
1339 1523 1424 1572 one*

129 1621 239 1680 ratas,
267 1591 411 1696 superare
437 1595 550 1668 lllrutn
577 1616 609 1670 et
634 1595 759 1672 obseffis
785 1615 1008 1670 commeatum
1033 1595 1185 1696 praebere
1216 1595 1323 1684 iussit,
1361 1595 1424 1674 do·

129 1727 199 1774 nec
226 1693 290 1796 ipsc
315 1725 392 1771 cunt
417 1691 567 1770 uniuerso
593 1705 734 1772 exercitu
760 1703 793 1770 in
820 1701 1025 1797 Hungariam
1049 1690 1265 1772 descenderet.

242 1817 390 1910 Hungari
426 1835 505 1884 vero
531 1837 632 1888 cnm,
659 1811 715 1884 diu
741 1813 824 1882 circa
849 1811 931 1882 vrbis
956 1815 1087 1886 moenia
1114 1817 1260 1898 morati,
1286 1839 1323 1886 ea
1361 1807 1422 1888 sae-

129 1919 208 2018 pius
240 1919 456 2011 nequicquam
482 1907 679 1998 tentassent,
710 1939 781 1984 rem
818 1905 911 2008 supra
949 1916 1030 1986 vires
1067 1913 1200 2014 aggredi
1236 1913 1424 1991 statuemur.

1433 617 1514 702 Imp.
1543 635 1633 688 nna-

1435 720 1553 770 uvare

1435 790 1543 856 Coma.

131 2011 246 2092 Clallis
272 2019 359 2086 enim
384 2021 536 2090 Romana
560 2021 594 2088 in
621 2011 758 2088 alterurn
783 2009 875 2084 fluuii
899 2011 978 2084 latus
1003 2010 1165 2104 aduecta,
1199 2035 1269 2088 turn
1296 2039 1329 2090 et
1355 2041 1425 2088 ma·
1535 2023 1543 2030 '

130 2143 201 2219 gna
226 2119 409 2200 Romanis,
434 2117 491 2216 qui
518 2121 551 2186 in
576 2111 654 2186 urbe
673 2131 785 2194 etant,
813 2111 992 2186 commoda
1016 2113 1210 2215 praeliabat,
1235 2139 1305 2194 tum
1326 2121 1424 2194 etiam

129 2225 198 2304 iis,
224 2222 279 2317 qni
306 2221 388 2288 inter
412 2209 627 2314 pugnandum
652 2213 784 2288 vulnera
810 2235 1028 2312 acceperant,
1048 2223 1207 2315 receptio,
1240 2217 1319 2292 alios
1351 2243 1424 2292 cor·

130 2319 268 2419 potibus
293 2319 436 2416 integros
460 2319 495 2386 in
520 2341 634 2388 eorum
662 2313 773 2388 locum
799 2308 1029 2388 substituebant.
1078 2319 1223 2417 Nauigiis
1256 2323 1353 2420 igitur
1388 2337 1423 2396 et

129 2419 196 2522 ipsi
221 2415 384 2500 collectis,
411 2421 594 2518 priusquam
622 2417 747 2490 Gabrae
771 2433 803 2486 et
829 2421 983 2512 Bryennii
1015 2423 1050 2488 in
1087 2421 1166 2493 Hnn
1192 2423 1289 2494 ariam
1325 2417 1422 2496 adue·

132 2519 253 2598 stillent
279 2525 416 2618 copiae,
442 2543 502 2618 per
524 2515 648 2592 flumen
675 2525 709 2590 in
731 2519 898 2592 Romanas
924 2541 1021 2588 naues
1047 2515 1142 2592 delati
1167 2447 1266 2613 sum,
1304 2545 1421 2622 easque

131 2615 396 2700 flumerfiss'ent,
422 2640 477 2691 aut
502 2618 750 2694 citralaborem
776 2619 902 2716 proelio
927 2615 1145 2716 superassent,
1170 2617 1231 2695 nili
1266 2618 1357 2694 cursu
1388 2641 1422 2698 et

6 2721 7 2724 ¹
132 2721 352 2802 velificatione
375 2715 503 2808 fuissent
529 2717 709 2796 inferiores.
760 2725 885 2792 Eomm
913 2723 1035 2818 quippe
1067 2746 1165 2794 naues
1201 2725 1308 2796 minuc
1347 2743 1423 2824 apte

132 2824 329 2910 fabricatae,
361 2845 393 2896 et
418 2827 452 2894 in
476 2821 689 2897 immodicam
715 2817 862 2896 extensae
887 2818 1114 2906 latitudinem,
1140 2825 1422 2924 eoqneinhabilet,

136 2929 310 3006 velocitate
335 2928 566 2999 Romanomm
592 2919 827 3024 superabantur.
878 2925 1010 2995 Etiam
1035 2929 1070 2996 in
1102 2923 1228 2998 flumen
1264 2923 1423 3000 dedudlae

133 3051 254 3112 erant,
280 3053 356 3104 cnm
381 3029 552 3110 Romani,
578 3027 710 3098 nauibus
735 3020 794 3096 suis
819 3027 853 3094 in
885 3025 988 3096 aciem
1026 3021 1202 3108 ordinatis,
1237 3021 1304 3099 illae
1336 3030 1423 3100 exci-

134 3138 260 3234 piunt.
286 3129 466 3228 crebrisque
493 3125 731 3202 iaculationibus
757 3121 929 3198 insellantc
954 3125 1068 3222 quibua
1092 3123 1138 3198 illi
1148 3121 1295 3226 fatigati,
1322 3153 1421 3202 nauca

136 3233 316 3306 inhibuere.
360 3233 486 3302 ⁴Earum
511 3255 607 3329 pars,
631 3226 721 3299 alteri
733 3222 861 3326 appulsa
873 3223 993 3308 littori,
1020 3223 1190 3299 discrimen
1209 3225 1330 3302 euasit:
1357 3253 1422 3305 vna

136 3359 243 3416 vero,
271 3329 393 3404 ducum
420 3327 605 3402 militarium
617 3327 734 3428 plena,
758 3329 793 3402 in
805 3331 1034 3407 Romanorum
1045 3327 1239 3432 potellatetn
1251 3335 1423 3424 vernum

137 3455 239 3537 teque
264 3427 418 3508 consedo
445 3435 522 3534 igne
547 3425 690 3505 absumta
714 3425 790 3501 est·
816 3449 818 3454 ·

247 3707 399 3803 Hungari
423 3707 552 3810 itaque,
576 3593 757 3808 postqum?
774 3707 884 3782 ethic
907 3707 1011 3778 irritus
1041 3723 1176 3779 conatus
1212 3701 1298 3791 suit,
1339 3701 1427 3780 aliud

140 3803 215 3885 sunt
240 3805 356 3880 moliti.
405 3809 591 3884 Nonnullae
613 3813 702 3884 enim
726 3835 768 3882 ex
794 3803 848 3880 sua
873 3831 993 3906 gente,
1020 3810 1076 3904 qni
1101 3808 1266 3906 Stephano
1291 3802 1428 3882 famula·

140 3911 282 3992 bantur,
309 3911 453 4006 pccnniis
480 3929 718 4012 corrumpunt,
743 3914 843 4010 iisque
866 3902 1080 4006 persuadent,
1114 3925 1150 3982 ut
1172 3912 1348 4008 propinato
1370 3933 1426 3983 ve·

140 4037 235 4090 neno
260 4011 434 4085 hominem
457 4031 608 4088 necarent
633 4006 677 4080 ε)·
727 4013 775 4085 lta
798 4030 831 4086 et
854 4010 927 4085 vrbe
953 4025 1045 4110 capta
1070 4005 1141 4095 est,
1164 4027 1328 4088 ettotam
1361 4013 1425 4084 Sir·

1316 4114 1426 4194 mium

189 4287 237 4376 t)
260 4293 340 4360 Haec
363 4292 454 4386 paula
471 4293 591 4360 uberim
602 4307 700 4358 narrat
708 4293 764 4358 Ni·
811 4305 907 4368 cetere
930 4287 1030 4355 lorum
1053 4289 1148 4376 ipsunt
1171 4289 1258 4382 snpra
1278 4292 1316 4360 ad
1325 4289 1424 4380 Mo.

466 4397 468 4400 ·
813 4394 843 4442 tt
861 4376 945 4469 seqq.
967 4374 1061 4445 tttull.
1339 4390 1371 4471 ss

654 4465 871 4568 Pata²
