4048 5742
690 583 897 668 GAPVT
919 587 1054 682 xib,
1265 529 1274 550 '
1406 615 1464 690 203

652 809 680 862 e.
706 790 747 862 C.
773 799 1005 886 1083-1096.

788 909 820 1006 ᾗ.
845 913 911 985 160.

1476 693 1559 779 Imp.
1596 707 1675 764 m-

1478 779 1543 842 xro'
1569 783 1596 846 1.

1478 863 1587 931 Came·

286 1033 487 1130 [carruae
512 1053 590 1104 cum
615 1053 675 1130 per
700 1037 921 1109 continentem
948 1029 1119 1110 occiduam
1134 1011 1543 1144 omnianallarent];114·

178 1149 367 1210 nec-rea
398 1135 555 1206 maritima
579 1131 733 1210 remiffius
760 1135 915 1220 habebat,
942 1142 1021 1236 quin
1043 1139 1151 1234 potius
1177 1139 1212 1208 in
1236 1137 1341 1212 multo
1366 1147 1468 1214 nraxi.

185 1263 251 1310 mo
276 1235 423 1334 pericalo
447 1230 643 1316 versabatur,
673 1235 809 1308 Tzacha
840 1263 915 1310 cum
951 1233 1054 1310 rursus
1087 1233 1252 1310 aedificata
1283 1261 1467 1340 armataque

188 1333 288 1410 classe
316 1343 444 1434 impune
468 1337 583 1406 omnia
607 1335 845 1432 peruolitante,
870 1363 1028 1438 ommque
1053 1335 1115 1408 late
1140 1361 1278 1412 ornnem
1290 1337 1468 1440 insulasque

189 1461 232 1508 ac
258 1457 368 1534 portur
390 1440 524 1532 piraticis
549 1431 784 1510 incursionibus
809 1433 985 1512 infestante.
1033 1435 1267 1511 vulnerabatur
1291 1441 1340 1512 hie
1365 1439 1466 1516 vnde

190 1563 333 1635 eumque
355 1533 553 1610 affluentibus
579 1541 705 1610 umetis
728 1541 929 1634 imperatoris
957 1543 1105 1618 animus,
1132 1541 1246 1634 [nec]
1271 1543 1305 1612 iu
1326 1561 1390 1614 tam
1404 1549 1463 1618 ima

188 1635 296 1737 pedica
318 1636 535 1736 perplexitate
550 1659 661 1710 rerum
686 1637 921 1738 qualecumque
947 1635 1117 1712 confilium
1144 1641 1296 1738 expedire
1328 1663 1463 1740 poterat.
1501 1629 1510 1641 ’

186 1737 356 1836 maritoque
380 1743 515 1818 minua,
539 1735 712 1835 postquam
743 1739 873 1812 allatum
903 1763 1065 1838 praeterea
1097 1737 1171 1826 ell3
1205 1743 1334 1815 auriam
1367 1747 1463 1818 vehe·

181 1857 354 1912 mentera
377 1841 515 1912 Tzacha
540 1834 691 1922 classem,
727 1845 929 1940 congregatis
964 1868 1004 1914 ex
1036 1863 1093 1912 ora
1126 1837 1269 1914 uniuersa
1301 1847 1463 1930 maritima

179 1943 306 2038 ingenti
330 1963 473 2011 numero
497 1943 592 2010 nouit
616 1941 758 2012 nauibus.
784 1967 862 2012 cum
885 1943 952 2014 hoc
976 1937 1203 2040 supplemento
1229 1945 1264 2014 iu
1280 1947 1391 2018 animo
1406 1947 1463 2017 lm.

179 2040 258 2114 bere
281 2039 478 2122 barbarum,
503 2037 653 2138 reliquie,
680 2066 758 2139 quae
781 2038 932 2114 nondum
955 2037 1015 2114 libi
1040 2034 1236 2131 subiecerat,
1266 2038 1373 2116 insulis
1407 2072 1459 2120 va·

182 2139 291 2224 liena,-
315 2142 466 2213 occiduae
490 2143 668 2238 irruptione
696 2137 799 2216 valida
839 2159 963 2218 tentare
1000 2145 1174 2240 regiones:¹
1206 2137 1355 2241 adeoque
1393 2150 1464 2224 iam

185 2237 283 2332 egisse
309 2267 372 2338 per
391 2245 612 2314 internuncios
636 2267 713 2312 cum
738 2245 891 2334 Scythia,
916 2263 953 2333 vt
986 2235 1221 2314 Chersonesum
1256 2265 1461 2343 occuparent.

181 2343 406 2416 Nunciabarur
428 2362 461 2416 et
485 2339 586 2414 illud:
612 2343 818 2424 interuertere
842 2347 952 2416 conari
978 2345 1149 2416 Tzacham
1173 2339 1314 2416 cundem
1334 2345 1461 2436 auxilia,

179 2469 265 2541 quae
287 2445 466 2542 imperator
488 2441 527 2512 ab
554 2445 677 2514 oriente
702 2440 759 2514 fibi
798 2439 951 2539 promissa
995 2449 1187 2516 Turcorurn
1224 2439 1461 2541 exspesiabate'

179 2563 457 2644 congregatosque
480 2545 547 2613 iam
571 2547 760 2614 mercenarii
784 2541 891 2615 militie
916 2549 1024 2642 copiae
1049 2545 1229 2625 Turcicas,
1255 2543 1415 2642 promiffis
1427 2563 1464 2618 et

182 2643 298 2746 spebur
322 2649 449 2744 maguis
475 2642 513 2713 ab
539 2640 699 2713 etnillariis
725 2644 880 2716 Tzachae
914 2664 1069 2727 tentatas,
1099 2661 1135 2716 vt
1164 2667 1183 2713 a
1215 2639 1350 2718 foedere
1381 2669 1461 2718 cum

180 2747 343 2822 Romanis
369 2745 467 2844 patilo
493 2737 670 2826 resilirent,
696 2740 739 2814 ad
766 2738 861 2846 seque
886 2749 992 2844 potius
1018 2739 1172 2840 suamque
1197 2743 1368 2826 militiam,
1408 2769 1460 2816 re·

179 2845 264 2921 litto
288 2853 505 2944 imperatore,
529 2839 566 2914 se·
588 2836 796 2924 conferrent,
823 2841 1029 2944 'sonulatque
1053 2847 1184 2942 copiam
1208 2843 1314 2940 pabuli
1324 2841 1365 2913 ad
1377 2843 1461 2916 aleu-

181 2945 269 3042 dum
293 2951 468 3046 equitatum
493 2941 647 3020 idoneam
671 2937 869 3034 initiarum,
898 2971 998 3054 quam
1021 2943 1263 3028 meditabatur,
1289 2940 1460 3042 dep'meda·

183 3053 279 3122 tione
304 3039 508 3146 comparaffct
533 3046 572 3118 ‘i
944 3063 948 3070 ’

754 3151 785 3251 §.
813 3159 875 3229 161.

296 3241 541 3342 [rurr'rrtrror
568 3233 698 3324 Alexim
722 3255 915 3328 Comnenur
940 3249 1057 3324 finibus
1082 3229 1226 3322 Romani
1251 3249 1378 3348 imperii
1403 3241 1456 3318 ad·
1466 3267 1522 3340 115.

184 3343 294 3427 t'rersm
322 3351 485 3430 Dalmatae
509 3355 691 3450 mutuom]
717 3359 865 3430 notitiam
892 3357 1007 3454 accipit
1029 3377 1138 3426 rerum
1175 3369 1211 3424 et
1245 3347 1457 3522 confilioqum

757 3459 886 3530 Con
1405 3473 1456 3520 m

227 3639 280 3698 114-
305 3639 410 3687 ΑΝΝΑ
436 3635 548 3688 COMN.
582 3645 611 3710 p.
636 3627 701 3688 226,
840 3623 979 3688 animum
1004 3614 1260 3700 Airxius‚·ducr
1289 3610 1353 3695 ipso
1383 3615 1456 3678 cre·

233 3709 273 3788 ο)
297 3705 416 3777 surrexi
433 3731 486 3768 eae
507 3707 606 3786 aptiae
631 3710 793 3777 urenae·
841 3720 896 3774 ato
924 3707 1150 3788 stupeamus,
1175 3721 1268 3785 quam
1293 3701 1322 3760 a's
1344 3697 1451 3764 vrbem

183 3792 220 3856 in
244 3800 374 3875 margine
399 3797 609 3860 adscribuntur.
846 3795 953 3862 Turris
976 3793 1153 3872 eripuerat,
1169 3782 1335 3869 Jirspeii'um
1360 3783 1400 3848 ab
1417 3779 1453 3868 ft

227 3885 311 3945 Arma
334 3887 487 3945 comnena
512 3903 541 3964 p.
570 3904 638 3958 240,
676 3879 795 3958 Trape-
843 3880 994 3945 hominem
1010 3873 1108 3960 specie
1134 3873 1259 3936 Ironorr's
1296 3865 1455 3950 ablegam-

179 3977 299 4030 euntem
323 3969 434 4030 Turcia
457 3969 494 4028 ab
516 3963 619 4030 Alexio
639 3969 793 4028 Comneno
844 3975 904 4031 rat.
942 3965 974 4026 Et
999 3959 1088 4041 paulo
1113 3955 1237 4018 inferius
1261 3953 1296 4015 de
1327 3957 1453 4017 eodem:

179 4069 310 4138 ereptam
336 4052 435 4115 alieno
457 4051 552 4128 loco,
587 4073 648 4136 quo
680 4048 795 4132 conspi·
837 4047 959 4137 femper
986 4045 1156 4128 reportatis
1185 4044 1223 4106 de
1253 4037 1332 4124 hoste
1361 4039 1456 4104 vilio·

175 4145 308 4202 rationis
338 4140 499 4202 Theodori
527 4141 641 4201 Gaurae
672 4137 796 4197 mentio·
845 4139 904 4202 riis
927 4138 974 4200 tta
1001 4141 1035 4194 vt
1061 4131 1283 4210 Trapezuntem
1296 4121 1393 4206 ipsam
1405 4145 1455 4190 vr·

176 4243 251 4288 nem
269 4225 361 4302 sarit,
380 4227 467 4288 docet
478 4273 487 4306 ‚
500 4225 546 4284 hia
558 4227 655 4288 verbi·
668 4247 675 4284 a
703 4219 798 4286 Tiren-
847 4224 915 4287 bem
944 4218 1050 4282 Terras
1062 4209 1284 4295 extortamftba'
1292 4213 1457 4292 propriane

178 4312 280 4376 dorae
298 4321 368 4377 erat
389 4311 537 4386 Gaurus,
560 4313 593 4376 a‘rr
617 4307 690 4375 vrbe
715 4325 798 4370 com·
848 4305 1005 4374 vindicatas
1030 4299 1455 4382 inuiiiaevirpoteratr'aevrri·

176 4418 313 4476 enorme
333 4401 421 4478 regia
436 4444 461 4490 ,ἲ
469 4395 624 4480 prcffeiirrs
654 4391 796 4466 aliunde,
840 4413 886 4480 go
904 4392 1097 4474 putaretur.¹

177 4487 271 4547 cuius
292 4481 491 4549 vehementem
515 4492 545 4547 et
559 4483 715 4568 strenuum
735 4475 796 4560 effi·
891 4485 1087 4558 mortun
1112 4479 1221 4538 coron,
1243 4485 1274 4552 p.
1299 4481 1371 4542 245³

175 4587 342 4656 raramque
370 4567 528 4659 ‚amandis
558 4565 651 4639 rebar
678 4565 795 4633 veritur
1448 4561 1450 4570 '
