4110 5742
479 594 490 616 ·
537 699 539 704 Ι
586 583 790 662 cnrv'r
844 581 967 664 xum.
1369 543 1426 685 m

615 813 643 862 c.
667 792 698 862 C
725 809 944 876 ιι4ι-ι-ιι44.

150 919 246 998 bandi
271 923 418 995 ineunt,
447 907 596 1012 fanaque
627 941 697 986 non
727 915 859 988 modica
900 913 1046 1014 praede,
1078 939 1113 986 re
1137 913 1311 992 tediuntur.
1361 923 1424 994 Hie

151 1031 320 1122 impetunt
346 1017 508 1113 cognitis,
534 1019 642 1113 impos
667 1011 741 1092 sui,
764 1016 868 1090 statim
896 1043 971 1088 curn
998 939 1150 1088 uniuersis
1192 1027 1293 1116 copiis
1326 1024 1420 1094 citato

150 1130 269 1220 impetu
296 1121 445 1190 leonium
466 1113 657 1198 contendit,
682 1112 802 1214 scriptis
815 1123 901 1216 prius
914 1115 954 1188 ad
968 1119 1137 1190 Sultonum
1151 1115 1280 1204 litteris,
1307 1123 1422 1218 quibua

154 1220 322 1298 confilium
351 1212 441 1286 suum
469 1221 642 1288 nunciaret.
692 1219 809 1290 hatum
834 1221 914 1291 hnec
939 1213 1001 1288 suit
1033 1215 1240 1301 sententiar„
1272 1225 1359 1292 Scire
1391 1243 1424 1292 te

156 1323 330 1398 volumus,
354 1314 476 1388 nullane
501 1319 578 1390 huic
602 1313 749 1388 aduersus
774 1337 806 1390 te
832 1317 1030 1418 expeditioni
1065 1317 1234 1392 molimina
1267 1341 1319 1392 tua
1351 1347 1424 1392 cau·

157 1421 224 1498 iam
250 1411 438 1519 praebuisse,
471 1422 690 1516 nequeenim
717 1437 840 1490 tentum
866 1427 1039 1493 l‘recenem
1063 1431 1119 1500 εἰ,
1152 1419 1240 1490 haud
1273 1427 1317 1492 tui
1348 1425 1425 1492 urie

159 1528 336 1598 ciuitatem,
361 1544 377 1588 e
402 1537 433 1588 te
460 1517 585 1630 pridem
620 1539 862 1616 expugnatam,
890 1519 1034 1600 detines,
1058 1514 1112 1589 sed
1138 1539 1169 1590 et
1195 1524 1229 1592 in
1255 1525 1425 1595 Romanos

159 1647 253 1724 egros
273 1643 373 1715 nuper
396 1617 541 1714 inupilli.
591 1619 836 1714 Iaconpafieaem
863 1615 892 1683 o)
921 1643 1053 1722 quoque
1077 1615 1202 1690 socimn
1238 1621 1385 1693 nollrum
1412 1671 1424 1702 ‚

162 1721 399 1819 complueeque
423 1717 500 1788 alios
526 1720 568 1790 ibi
595 1719 792 1814 phylarchos
823 1715 917 1790 bello'
948 1718 1095 1792 lacellere
1138 1745 1208 1792 non
1236 1719 1353 1793 desinis
1371 1721 1427 1792 tibi

162 1845 282 1902 autem,
308 1825 377 1894 viro
398 1817 577 1915 prudenti,
602 1816 812 1916 cogitandum
839 1813 925 1898 fuit,
951 1845 1156 1918 nequaquam
1188 1817 1220 1890 id
1261 1821 1426 1920 neglediu·
1539 1827 1546 1840 '

159 1926 422 2012 sochomanus,
448 1917 724 2018 multiplicemque
749 1946 767 1990 a
789 1920 866 1992 Deo
898 1917 1028 1992 vindice
1066 1915 1244 1992 illiusmodi
1277 1919 1428 1993 facinori·

158 2029 211 2100 hur
235 2047 377 2120 poenam
403 2016 644 2115 rependendam
659 2073 698 2111 ‚,.
724 2022 912 2092 Litterarum
937 2018 970 2092 id
996 2017 1323 2119 suitergumennrm:
1351 2045 1428 2120 ques

154 2123 284 2200 simulac
308 2121 369 2195 ille,
385 2119 509 2192 unditus
536 2118 700 2218 perlegit,
751 2125 785 2191 in
811 2123 900 2191 hunc
933 2117 1074 2194 modurn
1107 2117 1303 2218 rescripsit„
1335 2127 1430 2195 Litte-

155 2255 203 2300 ms
228 2248 296 2298 tuae
308 2225 516 2317 accepimus,
542 2226 686 2293 maxime
699 2225 897 2322 imperator,
922 2225 1168 2320 paruuimtnque
1181 2227 1315 2305 omnia,
1341 2247 1425 2321 quae

154 2323 265 2402 iuffilli.
291 2323 453 2422 reliquum
478 2321 533 2392 tibi
558 2320 602 2392 est
627 2321 801 2394 accelerare
825 2317 1020 2402 aduennun,
1046 2323 1138 2393 nobis
1164 2343 1272 2395 eutem
1309 2323 1426 2395 crebn'e

154 2421 332 2500 identidem
359 2418 456 2496 millis
483 2419 693 2520 legationibus
719 2425 774 2494 hic
798 2427 918 2494 morari
945 2447 1015 2494 non
1042 2427 1218 2507 conuenit,
1245 2443 1366 2496 caetero
1397 2439 1429 2493 et

154 2533 227 2604 Deo
254 2544 288 2598 et
310 2526 394 2598 mihi
426 2547 522 2596 curae
557 2542 658 2596 erunt.
709 2527 815 2596 Locus
855 2545 937 2598 vero
976 2517 1158 2624 congressui
1202 2522 1432 2599 Philomelium

156 2635 235 2714 erit,
260 2626 317 2701 vbi
340 2621 448 2703 modo
472 2621 569 2698 casim
593 2618 759 2722 posuimus
770 2673 810 2708 ‚‚.
1207 2665 1212 2672 ·

759 2868 766 2883 .
832 2839 861 2882 Ο.

261 2925 321 3026 γ)
347 2927 612 3028 Arrogant'dlimo
637 2931 704 3002 hoc
729 2812 832 3006 rhilsd
851 2922 1142 3030 ed'impemtnrem
1161 2925 1338 3032 responso,
1364 2927 1434 3002 Sul-

157 3057 254 3111 tantu
280 3029 458 3103 Philomelii
489 3035 541 3117 ΙΙ),
566 3033 618 3106 vbi
645 3031 743 3104 cellro
769 3039 855 3134 prius
879 3033 1065 3116 localem,
1095 3059 1172 3106 curn
1197 3037 1312 3107 maiori
1338 3025 1437 3104 Perli-

158 3159 275 3209 eerum
301 3135 466 3232 copiatum
490 3153 581 3236 parte
608 3130 771 3221 consistit,
794 3133 929 3236 reliquas
954 3155 1032 3209 uero
1059 3137 1188 3218 mittit,
1222 3139 1278 3235 qui
1313 3129 1434 3204 aduen-

1347 3231 1439 3305 tanti·
1568 3225 1581 3249 ”

201 3437 249 3518 y)
271 3449 456 3498 urcerns:
479 3433 688 3504 Philomelium
712 3455 779 3499 cum
807 3436 915 3500 lurco
938 3428 1110 3518 congreffiu
1133 3431 1274 3508 Menuel,
1295 3453 1361 3498 eam
1387 3429 1440 3496 iea-

293 3521 350 3608 ssa
375 3515 503 3600 Persam
526 3527 674 3606 quendam
687 3519 920 3607 prostramffu,
942 3519 982 3583 ab
1007 3519 1110 3584 eodem
1133 3519 1255 3586 cadente
1277 3520 1438 3602 tepuere

292 3603 419 3690 sagitta
442 3603 518 3669 tuus
542 3610 591 3693 est.
637 3609 711 3674 Cum
740 3617 842 3672 autem
865 3616 894 3670 et
919 3609 949 3671 in
979 3603 1069 3668 rebus
1089 3603 1233 3683 gerendis
1251 3627 1324 3672 acer
1348 3615 1439 3688 atque

301 3691 413 3755 audax
435 3700 466 3754 et
488 3699 577 3774 patre
603 3697 713 3760 Ioanne
740 3691 898 3776 bellicostor
921 3688 1053 3774 hostibus
1078 3682 1261 3776 videretur„
1279 3695 1300 3774 (
1311 3686 1386 3757 inies
1410 3681 1438 3744 δ’

247 3813 252 3824 .
294 3769 489 3854 amphiarae
514 3777 626 3858 φυζιρος
649 3776 715 3858 einp
737 3801 788 3837 eas
811 3775 918 3856 apesin
943 3798 989 3850 aeq
1014 3776 1152 3847 ieeahaes
1176 3778 1274 3852 dte),
1304 3773 1442 3842 recedere

290 3865 415 3932 notuitr
437 3881 528 3944 mque
547 3869 655 3948 paruit
680 3870 741 3942 iis,
766 3865 817 3948 qai
840 3860 1021 3935 monebant,
1046 3870 1080 3924 vt
1104 3861 1225 3926 taudem
1256 3860 1443 3925 domemu-

301 3958 496 4022 uerteretur‚
520 3969 556 4022 ete
581 3949 712 4030 Persae,
735 3971 774 4016 ex
795 3933 997 4034 desperatione
1012 3941 1125 4028 finiatis
1142 3944 1363 4031 conspirantes,
1380 3965 1443 4014 exv

298 4035 431 4098 ercitum
452 4033 515 4096 eius
531 4041 612 4102 maie
632 4035 807 4102 traiiarent.
850 4033 914 4100 Sed
935 4029 1024 4096 autea
1045 4033 1150 4113 potius
1173 4035 1334 4098 alacritate
1345 4029 1443 4114 ipsum

169 4160 174 4168 ·
301 4121 441 4184 ereetum
463 4123 563 4200 peliis.
587 4120 701 4206 relique
724 4122 803 4186 insta
828 4121 864 4183 ad
890 4125 917 4200 ς.
939 4135 1003 4201 272.
1027 4115 1139 4180 adfero.

196 4291 251 4440 p)
276 4285 357 4349 Vide
381 4281 415 4366 s.
441 4285 515 4363 268.
829 4288 906 4372 opud
928 4291 1088 4364 Nicetem)
1113 4307 1221 4350 nomen
1245 4283 1331 4347 huius
1362 4280 1442 4344 vebia

229 4377 245 4456 )
271 4379 461 4444 luponem.
831 4373 976 4440 scribitur.

198 4465 238 4530 sl
266 4460 447 4530 Φιλυμιλῐῳ,
476 4453 518 4516 ita
556 4471 585 4518 et
611 4453 690 4523 insta
720 4459 782 4543 (ei

160 4549 311 4626 atem.
332 4545 376 4620 T.
401 4543 479 4617 111.
501 4541 545 4618 P.
569 4545 603 4620 1.
783 4539 817 4618 R
840 4568 858 4620 r
