4110 5742
999 539 1468 639 uvtotcouvu

1137 777 1166 823 a.
1192 753 1233 825 C.
1258 753 1338 840 1163.

610 887 687 966 ioca
710 879 861 968 tenebat,
887 836 1040 961 diuertite
1065 883 1173 982 ibique
1196 907 1275 956 eum
1301 877 1486 958 Theodora
1512 899 1545 956 et
1569 879 1695 959 duobus
1720 903 1762 956 ex
1785 873 1887 956 easta·

613 985 726 1089 sceptis
751 986 853 1058 liberis
879 989 996 1062 Alexio
1021 1007 1053 1058 et
1078 990 1194 1060 irene.
1220 988 1416 1070 aemonae,
1442 1011 1566 1087 quem,
1593 1012 1633 1058 ex
1645 985 1786 1086 legitima
1800 1009 1886 1058 vxo-

615 1115 652 1162 re
678 1107 908 1186 montanum,
934 1091 1090 1183 Byzantio
1114 1079 1224 1158 secum
1255 1084 1457 1176 abduxerat,
1492 1107 1742 1175 commoratur,
1774 1084 1886 1164 donee

607 1187 654 1268 ad
676 1187 868 1269 Manneiem
894 1194 1126 1296 imperatorem
1148 1180 1292 1261 reueriiu
1315 1185 1387 1298 ‘stt

1167 1395 1204 1501 d
1226 1419 1291 1489 3¹2·

1124 1609 1155 1660 a.
1181 1587 1212 1658 C
1248 1585 1337 1669 1164

479 1779 482 1786 ’
520 1696 1579 1902 ⁹³⁹·aaufiiiiibiiiiizii'iitiigiiiiuii
1605 1694 1884 1901 iiiiii?

608 1899 810 1992 bitabantur‚
835 1925 870 1976 et
893 1903 1033 2002 praedae
1057 1907 1200 1980 bossibut
1224 1913 1340 2000 erant)
1365 1903 1598 1976 munitionibus
1625 1927 1675 1976 eat
1699 1900 1843 1977 firmauit
1870 1961 1883 1998 ,

602 2019 636 2072 et
658 2021 803 2100 patentes
824 2029 960 2102 campot
983 2006 1118 2081 castellis
1139 2008 1319 2085 adornauit.
1369 2002 1467 2077 uude
1491 1999 1645 2086 factum,
1671 2021 1706 2108 vt
1742 2029 1780 2074 ea
1814 2031 1880 2106 op·

599 2097 678 2198 pida
703 2097 881 2200 frequentia
907 2111 1028 2180 ciuium
1049 2129 1087 2187 et
1108 2111 1193 2189 vitae
1214 2107 1307 2187 cuitu
1334 2129 1515 2214 serumque
1548 2110 1645 2208 copia
1682 2105 1792 2180 mtdtis
1822 2107 1882 2186 be-

592 2204 653 2277 atis
677 2201 803 2278 urbibus
833 2205 1032 2289 antecellant·
1716 2251 1723 2263 ·

950 2417 954 2423 '
1052 2311 1434 2500 ιθῂἇῖώὰ,

509 2558 585 2630 ⁸40·
626 2573 630 2578 “
702 2561 720 2657 [
732 2587 885 2642 uturum
911 2567 1154 2670 protostrator]
1190 2601 1265 2648 cum
1299 2577 1333 2644 iu
1371 2567 1517 2645 Ciliciam
1556 2573 1702 2676 primum
1740 2563 1873 2650 suntme¹

599 2683 676 2733 curn
702 2668 844 2765 imperio
874 2669 957 2743 bello
983 2673 1031 2745 issi
1057 2679 1097 2748 ab
1122 2681 1318 2776 imperatore
1331 2669 1551 2774 praepofitus,
1576 2671 1689 2750 miffut
1706 2671 1805 2761 effer,
1829 2675 1872 2752 td

599 2761 798 2850 Sultauurn,
823 2765 928 2843 dedita
954 2797 1076 2872 opera,
1105 2783 1254 2850 iconium
1283 2783 1394 2859 veuit,
1419 2796 1450 2848 et
1463 2777 1684 2852 beneuolentia
1698 2777 1777 2852 illius
1792 2805 1872 2852 con·

598 2861 726 2959 cibata,
752 2865 793 2938 de
820 2871 998 2969 arripienda
1032 2876 1204 2972 tyrannide
1245 2904 1321 2952 cum
1359 2903 1401 2950 eo
1435 2873 1565 2950 confilia
1601 2885 1739 3052 a'gitauit.
1790 2881 1874 2952 Scri·

495 2989 500 3000 ’
598 2969 727 3066 ptisqub
751 2967 883 3044 viciffim
912 2971 989 3046 datis
1006 2985 1047 3050 xet
1070 2985 1231 3079 acceptis,
1258 3005 1340 3080 quae
1365 2981 1457 3076 parfia
1484 2979 1523 3050 ab
1550 2981 1584 3050 iis
1624 2983 1695 3054 adia
1719 2984 1873 3054 contine-

594 3063 695 3149 bant,
721 3073 757 3141 in
785 3070 930 3144 Ciliciam
955 3073 1057 3152 rediit.
1107 3083 1280 3155 interiedio
1306 3077 1424 3152 deinde
1447 3100 1597 3178 tempore
1626 3078 1768 3156 reuersus
1801 3091 1868 3176 By·

594 3168 761 3248 nantium,
787 3195 863 3243 curn
890 3169 1101 3254 suburbanam
1128 3179 1291 3279 quandam
1317 3207 1358 3252 ex
1384 3175 1444 3251 suia
1469 3178 1608 3254 domum
1638 3189 1730 3256 variis
1753 3185 1867 3354 Audiu-

591 3267 635 3338 tir
669 3291 827 3339 exornare
851 3269 1022 3360 statuisset,
1046 3285 1358 3356 non'Graecauicas
1390 3277 1521 3379 quidem
1543 3299 1679 3356 'veteres
1718 3286 1752 3356 hi
1779 3287 1862 3357 oriae

594 3365 630 3435 in
657 3389 693 3438 ea
719 3363 850 3468 depingi
877 3379 1022 3460 curauit,
1047 3402 1102 3454 aut
1119 3385 1275 3473 praeclara
1304 3387 1505 3482 imperatous
1529 3373 1706 3470 facinora,
1731 3387 1775 3456 vti
1814 3381 1866 3460 so·

590 3459 661 3538 lent
685 3471 829 3541 maxime
854 3475 910 3570 qui
934 3478 969 3546 in
995 3475 1197 3578 dignitatibus
1222 3479 1294 3556 suut
1318 3481 1500 3566 constituti,
1527 3483 1579 3556 vel
1604 3503 1693 3586 quae·
1709 3489 1743 3556 in
1761 3485 1861 3572 bellis,

588 3563 641 3638 vel
666 3569 700 3638 in
733 3563 876 3645 ferarum
917 3575 1064 3654 caedibus
1095 3582 1148 3656 ilie
1180 3571 1330 3658 ediderat.
1345 3594 1576 3658 -taeterum
1611 3587 1783 3660 Aietius-
1806 3589 1858 3660 hie

585 3665 733 3750 omiisu,
756 3695 806 3742 rer
832 3697 850 3744 a
877 3677 1010 3753 Su'tano
1036 3685 1196 3780 praeclare
1221 3686 1345 3788 gessas,
1378 3709 1520 3786 quasque
1549 3686 1632 3762 adeo
1666 3683 1857 3788 oportuiss'et

589 3761 716 3839 iiientio
743 3779 873 3868 premi,
899 3775 1013 3855 fiolide
1037 3789 1073 3857 iis
1098 3791 1134 3860 in
1157 3787 1287 3863 aedibus
1311 3807 1441 3862 exarata
1470 3813 1510 3862 ao
1539 3785 1667 3892 depidia
1701 3793 1855 3870 omnium

579 3865 681 3978 ocuiis
705 3876 895 3974 exponebat.
910 3915 958 3936 ··

1622 4099 1626 4108 Ι
1726 3989 1758 4098 §·
1783 4009 1853 4088 trt-

616 4184 678 4242 239.
700 4185 822 4246 mcum.
846 4189 955 4240 citou.
980 4199 1009 4262 p.
1034 4201 1081 4264 97.
1235 4187 1351 4268 [filim
1375 4189 1494 4254 Ioanni·
1516 4191 1662 4268 bruchi,
1693 4193 1774 4254 cuiue
1799 4187 1846 4252 su·

614 4265 1185 4350 ,240.CtNNAMVS.p.155,156·,qtti
1234 4299 1286 4359 pra
1329 4283 1356 4357 §.
1389 4298 1454 4356 274.
1493 4282 1606 4342 mentio
1642 4275 1718 4342 fabia
1765 4277 1847 4356 est]

569 4336 651 4402 tuce
673 4339 770 4408 alieno
796 4345 865 4410 ioco
887 4350 983 4426 habet,
1010 4373 1076 4415 euna
1100 4357 1185 4418 istum
1232 4361 1431 4428 defediionem
1454 4365 1643 4440 rut-ditatum,
1666 4363 1847 4430 Monachum

576 4423 730 4512 Aletium,
752 4431 919 4506 Amadum
944 4442 1032 4508 etiam
1052 4443 1185 4522 didium
1231 4447 1344 4532 fabium
1368 4467 1397 4513 et
1418 4451 1450 4510 iu
1473 4453 1681 4515 monasterium
1704 4453 1736 4513 iu
1759 4470 1847 4514 mon·

1230 4549 1262 4604 tt
1283 4535 1402 4622 Papirio
1431 4536 1617 4607 amandatum
1648 4537 1706 4606 effe
1728 4532 1849 4610 *uetere

2038 3677 2041 3766 i
