4018 5734
103 957 113 972 ι
353 953 355 958 Ι
392 863 433 928 u

604 595 689 678 w,
780 552 781 556 Ν
1014 543 1441 654 TVRCICORW

392 687 477 774 Imp.
509 699 574 750 nu.

394 787 558 840 enourco
1118 773 1173 848 ³2,
1188 776 1236 848 ὀ,
1263 796 1348 862 ¹302,

608 949 767 1055 peratorie
789 943 954 1018 voluntate
978 931 1224 1038 conspirantem.
1275 933 1367 1009 Nam
1394 929 1488 1016 Alani
1511 945 1630 1028 magna
1655 923 1711 1028 spe
1724 919 1882 1002 successu

511 1099 516 1104 ·
610 1049 669 1128 fibi
696 1041 901 1148 prosperrimi
933 1044 963 1112 vi
988 1041 1102 1112 ebant:
1126 1035 1292 1135 ausuriqne
1316 1063 1354 1109 ac
1380 1035 1526 1108 conaturi
1552 1035 1648 1102 etiam
1675 1027 1768 1128 supra
1798 1033 1885 1101 vireo

611 1151 809 1230 videbantur.
860 1065 1001 1214 Aliunde
1024 1143 1194 1213 Romanae
1219 1138 1334 1234 copiae
1359 1155 1391 1206 et
1416 1127 1607 1205 conscientia
1633 1127 1845 1204 multitudinis
1861 1169 1888 1210 v.

609 1273 645 1327 et
671 1243 842 1348 praesentia
867 1243 1068 1340 imperatoris
1094 1243 1159 1310 eins
1184 1263 1225 1309 ue
1249 1237 1395 1311 florentis
1420 1239 1503 1305 aeuo
1535 1231 1729 1331 iuuenilique
1762 1230 1887 1302 robore

609 1345 838 1427 incredibiliter
862 1341 1084 1412 animabantur
1108 1335 1150 1410 ad
1161 1265 1342 1411 lortiffime
1366 1331 1581 1436 pugnandum
1606 1335 1672 1404 eius
1698 1331 1808 1403 dudio.
1821 1345 1888 1406 uec

453 1519 465 1540 ,
609 1447 789 1552 spoliantes
817 1440 1022 1522 dubitabant,
1050 1441 1129 1538 quin
1152 1438 1330 1538 praeclarae
1351 1439 1507 1510 vicloriae
1534 1436 1781 1538 opportunitas.
1806 1429 1889 1503 citra

611 1550 753 1654 quoduir
776 1541 957 1648 periculum
982 1535 1170 1619 offensionis
1195 1537 1290 1624 belli,
1321 1533 1354 1612 se
1387 1529 1529 1612 offerret.

598 1645 609 1684 ¹.
720 1655 726 1684 r

1172 1741 1204 1844 i·
1230 1763 1308 1836 402
1342 1766 1346 1776 ·
1440 1747 1477 1802 '-

715 1883 806 1958 Cum
832 1902 874 1953 eo
900 1875 946 1952 lic
971 1881 1172 1978 imperator,
1197 1871 1242 1948 lic
1265 1878 1295 1944 ei
1319 1865 1521 1950 consentiens
1547 1873 1724 1955 exercituo,
1749 1891 1892 1972 genero·

363 1975 370 1986 ’
459 2009 467 2050 r
600 1975 652 2058 'so
676 1984 800 2081 impetu
823 1975 1002 2060 ferrentur,
1026 1983 1155 2074 iamque
1180 1999 1295 2046 omnes
1325 2001 1345 2048 e
1375 1971 1461 2048 vallo
1490 1971 1603 2072 egreffi
1632 1969 1850 2073 procederent
1876 2029 1892 2064 ,

616 2077 862 2181 crescenteque,
885 2099 920 2153 vt
943 2077 1005 2160 fit,
1029 2079 1133 2154 obiter
1158 2073 1319 2156 audacia,
1355 2099 1422 2172 quo
1453 2079 1586 2170 propius
1619 2071 1894 2165 admonebanturg

616 2179 817 2270 discrimini,
842 2183 956 2252 animia
982 2197 1014 2250 et
1038 2177 1195 2249 alacritate
1219 2171 1373 2247 ferociori
1397 2175 1618 2262 minarenturt
1648 2170 1770 2246 emensi
1806 2181 1895 2272 quin

616 2290 715 2358 etiam
736 2279 891 2370 'velociter
915 2277 1117 2352 interuallum
1141 2273 1313 2357 medium,
1336 2299 1408 2346 non
1430 2277 1634 2372 propinqui,
1659 2267 1714 2346 sed
1746 2277 1848 2347 iuneti
1876 2327 1892 2362 ,

392 2391 399 2400 ’
501 2444 504 2450 .
614 2402 742 2460 tantum
769 2405 839 2452 non
864 2383 957 2450 mixti
982 2377 1124 2450 hostibus
1148 2373 1280 2450 forent:
1306 2377 1338 2446 in
1365 2377 1520 2476 proximo
1545 2379 1554 2445 i
1582 2369 1615 2448 so
1639 2372 1781 2474 denique
1810 2399 1896 2472 pro·

617 2485 726 2558 cinctu
751 2503 789 2551 ac
812 2475 900 2576 quali
924 2482 1028 2577 prima
1051 2477 1203 2551 libatione
1227 2471 1342 2574 proelii
1358 2499 1498 2563 ,ecce,
1522 2401 1627 2558 velut,
1653 2473 1745 2574 quod
1778 2479 1897 2560 aiunt,

575 2628 578 2632 ·
612 2569 743 2681 ‘tegulae
764 2573 957 2676 interlapsu,
982 2573 1230 2674 inopinatissima
1252 2571 1437 2647 conuerlio.
1486 2577 1582 2648 Metu
1614 2579 1755 2674 correpti
1792 2572 1898 2648 duee·

567 2733 571 2740 -
618 2687 776 2756 exercitur
804 2675 976 2750 deliberare
1009 2671 1120 2748 denuo
1150 2695 1185 2749 et
1216 2695 1339 2750 certare
1368 2669 1541 2750 sententiis,
1561 2696 1749 2776 coeperunt.
1783 2679 1896 2750 vereri

619 2803 774 2856 euentum
800 2773 857 2868 se,
880 2777 1028 2856 aiebant,
1049 2777 1149 2848 nimis
1170 2778 1317 2874 ancipitis
1340 2779 1488 2875 negotii:
1510 2799 1574 2848 nec
1597 2773 1651 2850 sna
1674 2771 1793 2861 scilicet
1808 2801 1896 2863 cau·

617 2880 651 2960 sa
675 2875 875 2966 formidare3
897 2872 955 2950 sed
981 2875 1177 2948 conllemari
1199 2879 1340 2948 horrore
1361 2871 1576 2958 discriminis,
1598 2882 1828 2977 quovitamac
1841 2903 1897 2949 ca·

617 3006 679 3086 put
702 2981 903 3080 imperatoris
927 2968 1095 3078 periclitari
1118 2977 1289 3069 enitialiter
1312 2982 1486 3050 'cernerent
1515 2980 1679 3076 ‘quippe‚
1717 3004 1796 3050 cum
1832 2975 1898 3050 sibi

537 3137 604 3207 9¹7¹
619 3105 687 3158 tam
713 3083 821 3182 paucis
847 3103 924 3149 cum
949 3075 1136 3149 infinitis'et
1157 3070 1334 3150 sortiffimis
1355 3075 1500 3149 hosliuur
1528 3083 1635 3180 copiis
1666 3072 1897 3158 dnmoeudnm

618 3185 717 3267 esset,
744 3201 865 3254 certam
888 3174 947 3250 sabi
970 3181 1143 3252 inmairiere
1165 3176 1320 3262 cladem,
1345 3177 1549 3251 dictitabant:

606 3437 617 3452 ,
722 3363 821 3440 Talia
844 3379 1061 3438 memorantes
1084 3387 1162 3436 cum
1183 3356 1278 3434 suum
1303 3359 1362 3460 ipsi
1387 3356 1513 3462 cursum
1539 3359 1575 3435 in
1604 3359 1734 3436 bostem
1762 3362 1899 3438 inbibat·

626 3491 705 3548 ατο.
729 3485 801 3538 tum
827 3467 991 3536 incitatam
1020 3464 1154 3562 nugulli
1180 3463 1371 3541 Michaelis,
1396 3458 1552 3564 generose
1574 3467 1608 3534 in
1622 3465 1785 3561 proelium
1793 3489 1902 3538 ruera·

625 3573 690 3648 tis,
714 3564 906 3637 alacritatem
929 3561 1189 3636 sufflaminaront.
1213 3565 1266 3638 vbi
1288 3568 1379 3640 enim
1404 3560 1559 3638 secundus
1583 3559 1678 3662 super
1708 3571 1857 3664 primum
1881 3619 1898 3658 ,

470 3675 475 3686 '
622 3689 656 3741 et
682 3665 807 3737 duobus
834 3668 968 3748 tertius,
993 3669 1107 3764 hisque
1132 3669 1275 3736 inuicem
1298 3659 1554 3761 superuenienter
1578 3663 1685 3762 pluteo
1709 3662 1826 3738 eadem
1841 3664 1900 3740 itt·

456 3764 458 3779 ¹
620 3765 717 3840 utilia
741 3783 902 3838 terrorum
927 3760 1048 3862 spedlra
1072 3785 1273 3844 monentera
1293 3785 1325 3836 et
1350 3757 1536 3837 reuocantes
1562 3767 1790 3850 obiectarem,
1813 3790 1901 3838 con-

621 3861 713 3939 cusso
738 3860 909 3963 proposito
933 3869 1080 3964 princepe
1105 3870 1237 3949 iunior,
1270 3862 1442 3937 recedendi
1474 3859 1648 3964 secumque
1681 3885 1769 3938 retro
1801 3891 1900 3939 exer.

622 3971 725 4041 citum
750 3961 932 4037 retrahendi
957 3963 1085 4038 obtrudi
1111 3963 1169 4038 libi
1196 3962 1367 4038 consilium
1391 3963 1494 4063 patius
1518 3963 1586 4038 ell:
1611 3969 1732 4066 ignauis
1754 3960 1899 4063 praeser-

503 4145 509 4164 ,
628 4072 688 4142 tim
700 4119 713 4151 ,
738 4069 934 4137 minuciam
961 4061 1149 4152 diffrmulata
1174 4087 1282 4164 aperta
1307 4061 1507 4150 formidine,
1534 4065 1638 4164 palam
1654 4065 1899 4165 profitentibus:

492 4253 494 4258 ,
622 4193 686 4243 nec
709 4162 742 4236 se
767 4189 829 4235 vna
855 4190 930 4236 cum
956 4169 1149 4262 imperatore
1172 4191 1316 4266 pugnare
1340 4165 1445 4248 velle,
1471 4189 1606 4266 propter
1617 4167 1900 4265 einrpericulum3

565 4347 567 4354 s
623 4291 687 4348 nec
710 4261 820 4348 solor,
843 4263 900 4341 illo
924 4258 1107 4352 subducto,
1131 4263 1345 4368 quoniam'se
1374 4271 1513 4367 imparea
1538 4271 1540 4277 '
1546 4272 1710 4369 potentiae
1745 4265 1902 4344 bellium

1764 4365 1906 4473 postem

657 4540 783 4634 mul&
814 4551 857 4619 Τ.
888 4551 926 4619 11.
952 4545 984 4642 p·
1016 4561 1076 4622 216.
1107 4548 1231 4642 ttte'epn
1260 4557 1348 4637 Grec.
1371 4541 1415 4620 Τ
1436 4553 1460 4620 i.
1484 4573 1516 4642 p.
1545 4567 1607 4633 rar.
