4048 5742
577 599 652 689 24⁶,
1025 587 1452 668 rvncreotvn

347 697 447 782 ΜΡ.
468 666 571 762 ..ntr-

294 851 305 868 .
371 801 433 849 ¹¹0
459 785 481 846 ¹·
683 886 686 892 .
1048 811 1077 860 a
1103 791 1142 862 C.
1168 809 1390 883 1097-·no5.'

375 869 517 938 Coma.
664 929 671 946 ,
1644 935 1648 946 ,
1791 926 1820 948 υ

583 941 736 1000 mannate
760 939 854 1022 atque
888 917 1002 994 officiis
1029 917 1279 1020 indigenarum,
1303 922 1443 998 multam
1482 919 1556 1023 tplit
1596 921 1859 1001 Romuleum

582 1028 671 1100 vultu
699 1025 940 1104 exhibentium,
966 1026 1000 1092 in
1024 1016 1187 1094 securitate
1212 1019 1567 1118 confirmari,:solutoe
1598 1047 1699 1126 equor
1730 1025 1774 1102 ad
1799 1049 1863 1130 qt!-

586 1128 670 1202 llum
697 1123 860 1196 dimittunt
885 1147 946 1220 per
972 1147 1105 1222 campos
1130 1119 1252 1218 passim.

684 1315 731 1385 lta
755 1335 805 1382 res
829 1301 937 1390 erant,
962 1333 1037 1380 cum
1065 1304 1221 1388 meridie,
1243 1299 1311 1384 sole
1336 1299 1496 1378 ardentina
1520 1307 1689 1384 verticibut
1713 1308 1861 1398 instante,
1919 1325 1921 1330 '

589 1407 693 1488 valide
717 1430 855 1482 armatus
880 1407 1030 1507 Sangeles
1056 1435 1131 1480 cum
1156 1402 1238 1488 suis,
1269 1403 1518 1506 (quadringenti
1542 1415 1663 1501 etant)
1690 1417 1789 1507 portia
1811 1438 1863 1491 re·

591 1532 689 1610 pente
713 1505 898 1608 patefadiis,
924 1513 956 1582 in
982 1507 1087 1580 media
1113 1511 1260 1604 irrumpit
1285 1509 1478 1578 Turcorum
1502 1507 1608 1580 castra.
1659 1513 1725 1582 Hic
1749 1507 1864 1610 depre-

590 1609 683 1685 henli
708 1612 803 1692 licet,
827 1615 939 1709 quibus
966 1634 1040 1680 mos
1066 1607 1110 1680 est
1134 1612 1215 1680 vitae
1239 1632 1308 1680 non
1332 1633 1487 1706 parcere,
1520 1608 1634 1680 milites
1666 1605 1827 1686 foniffimi
1841 1665 1865 1695 ,.

617 1707 748 1784 enerose
774 1711 960 1782 obstiterunt
984 1707 1101 1791 Gallis,
1127 1712 1231 1778 maior
1257 1733 1350 1803 pars,
1377 1708 1490 1806 quibua
1513 1711 1638 1782 animur
1655 1715 1761 1784 nunus
1774 1738 1870 1811 prae·

591 1737 685 1894 iens,
709 1807 823 1910 fugam
848 1829 971 1882 mature
996 1814 1134 1907 capiunt
1185 1806 1318 1878 Vallum
1343 1809 1469 1906 patebat
1496 1807 1558 1882 late
1588 1836 1782 1909 camporum
1813 1838 1865 1886 ae·

594 1915 701 2011 quot,
729 1937 799 1984 non
823 1907 962 2009 palude,
986 1935 1056 1984 non
1080 1907 1229 1988 tumulo,
1255 1933 1325 1980 non
1350 1907 1431 1982 valle
1461 1929 1516 1982 aut
1545 1916 1700 2012 voragine
1734 1918 1868 1986 interce·

595 2031 689 2111 ptum
715 2037 860 2110 osquam.
910 2015 957 2082 Ea
981 2038 1030 2084 res
1056 2007 1200 2080 inutilem
1227 2001 1341 2106 fugam
1368 2005 1484 2080 timidis
1508 2005 1593 2086 feeit.
1634 2011 1760 2087 lnuet‘li
1792 2015 1868 2112 post

597 2137 654 2186 eos
679 2113 817 2186 vidiorea
842 2109 948 2192 Galli,
975 2135 1089 2184 omnes
1115 2105 1155 2178 ad
1179 2133 1281 2180 vuum
1309 2113 1342 2180 in
1366 2109 1555 2208 potellatem
1579 2109 1754 2216 redegerat
1787 2141 1832 2186 -ac
1853 2165 1869 2198 ‚

594 2228 721 2310 praeter.
749 2217 889 2286 omnino
927 2237 1083 2310 paucos,
1133 2213 1188 2310 qui
1229 2213 1345 2308 captiui
1391 2203 1464 2284 sunt
1499 2203 1642 2300 seruati,
1704 2209 1874 2292 uniuersae

597 2307 707 2414 gladio
747 2305 932 2391 absumlere.

1174 2475 1215 2574 5.
1242 2497 1311 2562 203.
1403 2525 1406 2533 ·

705 2643 760 2716 sie
787 2639 944 2718 debellatis
970 2641 1110 2723 Turcit,
1137 2659 1252 2714 mouet
1272 2635 1425 2737 Saugelet
1450 2633 1597 2714 aduersus
1620 2628 1813 2740 Tripolim,
1836 2656 1877 2715 et

472 2813 479 2820 .
599 2745 759 2820 verticem
785 2743 948 2844 quendam
974 2747 1197 2814 imminentem
1223 2767 1264 2812 ex
1289 2733 1423 2834 aduerso
1449 2745 1564 2814 ciuitati
1592 2744 1699 2840 primo
1732 2739 1876 2814 aduentu

607 2863 754 2942 occupat
807 2844 861 2916 Ell
886 2835 909 2915 ir
936 2861 1046 2918 vertex
1072 2866 1143 2941 pars
1168 2837 1325 2942 quaedam
1349 2839 1458 2912 Libani
1489 2849 1634 2915 montis:
1669 2843 1748 2925 vbi,
1783 2869 1874 2940 prae·

606 2963 753 3042 terquam
779 2943 869 3043 quod
896 2940 1121 3017 rnumtiss'nntu
1146 2962 1212 3014 erat
1238 2941 1415 3014 castromm
1439 2938 1534 3024 litus,
1565 2941 1626 3014 alin
1657 2948 1753 3016 etiam
1782 2937 1878 3015 ailul-

597 3047 699 3148 gebat
723 3045 946 3144 opportunitas
971 3041 1193 3143 intercipiendi
1216 3037 1315 3118 fontis
1339 3039 1481 3141 publici,
1507 3049 1563 3144 qui
1599 3041 1641 3116 de
1677 3045 1800 3120 Libano
1839 3047 1879 3162 in

1800 3169 1879 3216 crur-

612 3339 903 3406 conueniente
928 3363 1014 3426 quern
1036 3363 1143 3404 annunt
1172 3365 1221 3407 ex-
1264 3343 1323 3406 lib.
1349 3357 1383 3411 tt.
1408 3363 1471 3425 cap.
1494 3359 1524 3426 9.
1548 3347 1591 3406 16.
1614 3347 1662 3404 26.
1686 3339 1736 3402 lib.
1762 3360 1797 3416 ις.
1814 3360 1879 3423 rap.

613 3445 771 3512 pugnatam
803 3427 965 3491 Tortot'am
990 3425 1142 3509 scriptores
1166 3453 1223 3492 no·
1270 3448 1300 3512 7.
1326 3425 1547 3514 Doldeqttt'num
1572 3429 1725 3489 Gauteriut
1751 3425 1786 3490 de
1804 3425 1879 3492 Bell.

611 3515 662 3577 stri
694 3531 936 3576 commemorant.
986 3515 1090 3576 Dttati
1120 3519 1221 3578 memi·
1271 3513 1406 3576 Antiorh.
1433 3511 1583 3584 vocabulis
1606 3515 1681 3573 haud
1712 3513 1835 3578 multum
1859 3532 1882 3574 a

610 3602 656 3662 nit
682 3599 849 3662 Pulcher-itta
884 3598 935 3662 lib.
970 3615 991 3659 t.
1024 3621 1084 3681 cap.
1119 3617 1158 3674 14.
1189 3617 1219 3663 et
1271 3599 1433 3660 Tedakiui
1456 3622 1529 3661 vote
1547 3595 1761 3670 abludentibua.
1784 3605 1881 3662 lutet·

611 3683 655 3748 lib
679 3705 704 3750 2.
730 3707 790 3768 cap.
819 3706 839 3746 r.
861 3689 906 3745 cui
937 3685 1031 3747 Melet
1060 3685 1166 3750 Durat
1191 3702 1219 3750 et
1270 3685 1339 3746 dum
1363 3684 1529 3750 Meieredin
1556 3685 1650 3745 eidem
1683 3685 1783 3754 Tyrio
1825 3683 1881 3747 lib·

612 3769 758 3847 Ducitur,
784 3767 832 3829 sen
863 3771 960 3852 potiui
995 3769 1115 3834 Ducam
1142 3793 1219 3842 nnn·
1270 3781 1312 3832 16.
1338 3787 1398 3850 cap.
1421 3787 1445 3838 8.
1477 3769 1631 3834 Hertoldin
1662 3769 1789 3832 'Alberto
1825 3774 1886 3849 Aq-

613 3874 744 3938 cupatur.
788 3858 921 3918 Extiniio
957 3857 1070 3916 Decaco
1109 3861 1221 3940 prinei·
1270 3855 1320 3918 lib.
1347 3873 1381 3920 tt.
1413 3877 1474 3938 cap.
1501 3879 1519 3918 r.
1550 3855 1726 3924 Duodecltin
1755 3872 1784 3918 tt
1813 3855 1885 3920 Do·

636 3959 713 4004 atum
738 3939 945 4003 Damascenum
979 3943 1103 4023 arripuit
1136 3943 1222 4008 Aba·
1272 3939 1339 4006 chin
1362 3941 1456 4004 eidem
1481 3935 1617 4021 scriptori
1644 3941 1758 4006 lib.·12.
1776 3960 1883 4024 capul.

613 3962 729 4099 dacos,
754 4027 835 4086 cuiue
861 4026 997 4108 frequent
1008 4029 1135 4090 occurrit
1147 4051 1225 4089 men·
1275 4049 1303 4100 9.
1324 4041 1353 4088 et
1378 4047 1416 4100 ¹9·
1442 4027 1625 4112 appellatur,
1648 4049 1723 4109 quae
1745 4027 1885 4092 videntur

603 4117 659 4182 tio
685 4111 763 4194 apud
788 4109 942 4196 scriptores
966 4115 1071 4174 Rerum
1110 4113 1225 4176 Hieros.
1275 4113 1398 4172 nomina
1440 4115 1476 4176 ad
1525 4111 1708 4180 Dabirotdr'n
1746 4111 1888 4195 spretore.

618 4197 700 4260 varie
730 4211 823 4256 tamen
859 4199 932 4261 elata
969 4198 1052 4258 huius
1089 4203 1227 4282 principia
1277 4199 1410 4279 Denique
1436 4201 1653 4279 Tegei-Melet
1676 4201 1822 4262 interdum
1840 4198 1890 4260 di-

621 4279 852 4346 nomenclatura.
901 4281 1115 4366 tuldequinum
1148 4289 1225 4346 enim
1277 4285 1353 4344 citur
1377 4283 1475 4353 Tyrio
1501 4281 1552 4348 lib.
1577 4301 1617 4360 ¹4·
1642 4307 1703 4370 rap.
1742 4304 1781 4364 ¹7·
1817 4283 1890 4348 vide

620 4385 708 4433 vocat
728 4365 895 4430 Pulcherins
917 4367 1082 4454 libatap.
1096 4385 1133 4441 51.
1155 4371 1227 4436 Dol-
1278 4369 1411 4430 eumdem
1436 4373 1565 4442 Tyrium
1589 4371 1638 4434 lib.
1664 4393 1707 4450 ιγ.
1743 4391 1803 4452 cap.
1838 4375 1890 4432 26.

618 4455 778 4542 dequinttm
802 4453 915 4524 Tyrius
939 4453 991 4520 lib.
1022 4470 1058 4518 11.
1090 4475 1152 4537 cap.
1183 4479 1229 4519 zo.
1278 4453 1329 4517 lib.
1354 4477 1390 4516 21.
1415 4475 1475 4539 cap.
1499 4476 1531 4538 Ἰ.
1551 4471 1579 4520 et
1606 4455 1743 4528 Nireum
1771 4459 1807 4522 ln·
1833 4453 1893 4531 10.

617 4559 660 4613 er.
681 4559 722 4618 ²5·
753 4537 805 4604 lib.
835 4555 879 4606 ιι.
915 4557 977 4626 cap.
1008 4545 1036 4604 6.
1071 4551 1096 4612 8.
1125 4563 1163 4606 ra.
1190 4550 1230 4608 16.
1280 4560 1354 4604 anne
1376 4542 1415 4604 Ν.
1439 4557 1501 4621 5,,
