4132 5742
571 607 627 706 ,Μ
1035 575 1435 676 ΠΜΜᾸἏΜῩΜ
1866 693 1873 700 .

581 787 737 886 Assssfffiss
760 783 859 877 semel
882 801 1009 879 uotum
1034 799 1153 868 eornm
1179 787 1214 858 in
1237 783 1369 876 ornum
1389 777 1865 874 hrufiffimeiuhseodemim·

584 911 735 998 peratore
758 891 916 965 meminit.
964 884 1148 978 Menander
1172 911 1277 971 vero,
1303 877 1383 960 dum
1409 891 1509 964 verius
1532 913 1552 960 e
1576 889 1696 966 Tuscis
1731 889 1772 964 od
1798 894 1867 970 Ro-

584 993 709 1070 munos¹
726 997 759 1064 'et
782 1017 804 1064 a
828 991 987 1064 Romanis
1010 985 1213 1064 ad'Turcos
1239 987 1347 1065 tustini
1374 993 1413 1074 tt
1441 1007 1473 1064 et
1503 990 1630 1064 Tiberii
1663 991 1868 1067 Constantini

580 1091 783 1192 r'emporibue
808 1089 913 1180 missos
931 1083 1087 1162 'describit
1110 1087 1312 1211 legationes,
1339 1090 1441 1164 muto
1467 1086 1509 1170 de
1535 1109 1640 1174 terra,
1664 1093 1798 1174 viribus,
1820 1096 1868 1168 vi·

419 1274 422 1282 f
579 1193 682 1270 uendi
707 1195 832 1267 ratione
857 1211 890 1268 et
913 1191 1060 1288 moribus
1081 1213 1211 1294 gettha,
1234 1195 1396 1304 memoria
1417 1187 1493 1268 saue
1517 1187 1721 1296 dign'ulima,
1747 1193 1787 1270 ab
1807 1193 1864 1270 ob-

580 1297 712 1378 liuionis
738 1297 855 1368 iniuria
878 1291 1062 1378 vindioeuit.
1182 1337 1187 1346 ·

680 1497 958 1600 Theophylattne
985 1473 1041 1572 suh
1054 1465 1229 1572 ¹Mauricio
1247 1445 1340 1598 hug.
1372 1493 1414 1572 de
1453 1494 1542 1572 hellis
1574 1493 1772 1572 Tuscorum
1796 1514 1865 1574 tene

486 1653 491 1665 ·
576 1605 741 1686 externis,
765 1593 845 1674 c'um
870 1600 1013 1674 finitimis
1039 1595 1163 1683 Periis,
1186 1600 1406 1698 Ephthaiitis,
1433 1603 1570 1682 Anatis,
1595 1603 1724 1698 Ogor,
1757 1588 1879 1675 uolet(
1981 1685 1996 1696 ‚

581 1705 730 1806 gentibus
749 1702 872 1804 gestis,
896 1725 996 1802 quam
1021 1705 1153 1773 internis
1180 1719 1213 1773 et
1238 1699 1404 1784 ciuilibus,
1430 1699 1471 1773 de
1496 1721 1579 1774 terra
1600 1719 1761 1799 praeterea
1775 1701 1867 1772 Tur·

581 1831 701 1880 oomm
727 1824 761 1878 et
789 1796 904 1894 sacris,
929 1800 1056 1874 urbibus
1082 1803 1215 1901 Tangos
1239 1825 1273 1876 et
1303 1799 1466 1875 Chubdan
1496 1804 1675 1876 memoriae
1710 1797 1867 1900 prodidit.

580 1903 752 1996 Quaedam
768 1902 820 2002 ,de
842 1906 893 1978 his
919 1903 1038 1976 habeut
1061 1903 1311 2000 Theophanes,
1338 1899 1519 1978 Anassastus
1545 1905 1583 1974 'et
1615 1905 1765 1976 Zonaras
1815 1903 1869 1976 Ab

580 2033 610 2086 ι
635 2009 681 2084 C}
699 2033 768 2102 597.
794 1999 959 2106 usquead
985 2029 1013 2077 a.
1037 2017 1107 2091 728.
1131 2001 1234 2078 altum
1259 2001 1304 2077 eii
1328 2003 1416 2104 apud
1440 2009 1617 2104 Scriptores
1643 2001 1792 2076 historiae
1803 2005 1870 2097 By·

582 2113 731 2186 zantinre
763 2104 805 2180 de
834 2107 928 2180 retur
954 2105 1148 2178 Turcorum
1183 2101 1354 2186 fiientium.
1405 2109 1456 2180 Ab
1487 2132 1515 2178 a.
1541 2109 1580 2178 C.
1604 2115 1675 2194 728.
1702 2129 1801 2202 vsque
1825 2097 1869 2178 ed

583 2235 612 2288 ι
638 2235 724 2299 1032
748 2203 851 2306 sparsa
867 2201 1035 2306 quaedam
1058 2227 1094 2278 et
1118 2195 1226 2305 pauori
1247 2203 1289 2277 de
1311 2211 1349 2278 iis
1374 2206 1461 2308 apud
1486 2207 1758 2306 Theophanem,
1783 2209 1870 2278 nna·

583 2309 744 2394 ssaiium,
770 2313 934 2388 incertum
959 2305 1164 2382 Constantini
1190 2311 1464 2385 continuatorem
1486 2327 1521 2382 et
1544 2305 1736 2382 cedrenum
1757 2331 1869 2394 oceno

589 2429 679 2490 mni·

687 2575 766 2656 Post
790 2572 826 2650 id
850 2593 960 2650 eutem
984 2595 1113 2676 tempus
1138 2579 1244 2652 Turci
1269 2579 1405 2678 antiquis
1428 2573 1552 2654 sedibus
1564 2572 1702 2682 egreffr,
1726 2569 1869 2648 Perfiem

587 2681 731 2784 indeque
755 2699 851 2754 terres
875 2677 1049 2760 finitimas,
1076 2697 1110 2750 et
1136 2675 1246 2752 hiiam
1270 2678 1355 2754 adeo
1383 2676 1563 2754 uniuersam
1576 2673 1764 2754 irmserunt.
1790 2680 1870 2772 Qto

499 2791 510 2808 ‘
586 2783 714 2864 forium
740 2779 817 2865 est,
841 2797 876 2852 vt
900 2773 1103 2878 scriptoribus
1128 2781 1335 2873 Byzantinis,
1362 2787 1417 2880 qui
1445 2780 1580 2858 istorum
1604 2802 1796 2878 temporum
1822 2779 1870 2848 hi·
1975 2815 1980 2823 ·

590 2881 725 2970 storiam
743 2875 1009 2960 ¹conscriberent,
1038 2881 1197 2957 uberrima
1222 2878 1298 2955 effer
1323 2880 1479 2955 derebus
1505 2885 1598 2986 geilis
1618 2884 1812 2971 Tuscorum
1825 2873 1871 2946 d'»

589 2985 688 3065 cendi
711 2987 856 3058 materia.¹
900 2983 943 3052 Et
966 3007 1017 3052 res
1043 2979 1176 3082 quidem
1202 2979 1244 3054 ad
1270 3009 1394 3058 annum
1418 2978 1516 3082 vique
1545 3009 1628 3072 1072.
1652 2979 1754 3082 gestas
1781 2974 1873 3050 sufis-

589 3087 673 3170 iime
690 3091 851 3185 ⁴omnium
877 3077 1042 3154 Cedreous
1071 3102 1103 3154 et
1127 3083 1304 3176 Scylitzes,
1328 3086 1455 3158 breuius
1482 3087 1754 3188 pauloZouaras,
1782 3102 1873 3151 enar·

587 3209 710 3270 rerunt.
736 3182 807 3260 non
832 3188 933 3282 pauca
960 3179 1001 3254 de
1026 3187 1060 3252 iis
1087 3184 1293 3282 Nicephorus
1318 3190 1497 3279 Bryennius
1522 3209 1554 3260 et
1566 3183 1710 3260 Michael
1739 3179 1871 3274 Glycos,

590 3287 754 3394 quaedam
777 3289 875 3359 etiam
900 3282 1128 3356 Constantinus
1155 3283 1315 3359 Manoss'es
1339 3307 1372 3360 et
1398 3291 1546 3364 Codinus
1571 3289 1698 3359 habeht.
1736 3287 1789 3355 Er
1805 3287 1873 3356 hoc

459 3431 462 3438 ¹
591 3419 674 3470 uero
699 3409 850 3488 tempore
875 3409 957 3483 quae
990 3389 1080 3484 genti
1103 3385 1313 3470 ecciderunt,
1341 3385 1382 3468 ad
1420 3417 1448 3461 a.
1483 3396 1522 3464 C.
1551 3405 1635 3472 1081.
1674 3380 1804 3486 vique,
1834 3405 1873 3453 ea
1944 3401 1975 3424 Α

591 3495 776 3588 Biyenflim
797 3489 948 3584 inPfimii
973 3487 1152 3582 Pffiefflius
1179 3487 1247 3572 eii,
1273 3509 1308 3564 vt
1345 3489 1446 3586 muita
1479 3513 1591 3566 tomen
1627 3513 1744 3562 eorum
1780 3477 1871 3581 apud

593 3593 758 3689 Scyfiim
781 3593 878 3678 ‘iiim
903 3613 941 3658 ²⁰
967 3590 1152 3676 Zonamm,
1185 3591 1345 3692 quaedam
1375 3587 1464 3695 spui}
1505 3592 1644 3689 Glycam
1675 3608 1708 3663 et
1740 3593 1873 3664 Annam

594 3703 806 3774 Comueuom
828 3689 984 3789 legantur,
1874 3712 1877 3722 ·

564 3883 565 3888 ’
703 3882 757 3953 De
780 3875 873 3948 rebus
896 3863 1095 3950 sub'hiexio
1122 3881 1146 3950 1.
1173 3878 1296 3952 Comn.
1323 3877 1417 3977 gestis
1442 3897 1567 3978 praeter
1590 3883 1786 3958 Zonaram,
1814 3873 1875 3946 Ni·

595 3981 781 4080 eephorrmr
807 3981 1010 4078 Gregoram‚
1035 3981 1262 4078 Nicephorum
1291 3983 1492 4072 Bryemrium
1517 4000 1548 4052 et
1580 3981 1748 4076 Giymm,
1780 3983 1876 4048 Anna

595 4087 798 4172 comnena,
826 4105 927 4180 eoque
953 4085 1107 4154 omnium
1121 4077 1380 4181 diligentiffime,
1406 4085 1587 4155 memoriae
1599 4079 1753 4181 prodidit.
1781 4081 1875 4176 Qrae

596 4181 640 4262 de
666 4181 864 4281 temporibus
898 4185 1026 4253 Ioannis
1066 4201 1099 4254 et
1131 4180 1317 4254 Emauuelis
1342 4235 1353 4262 ,
1381 4187 1664 4265 Conmeuorum‚
1697 4183 1877 4260 nouimus,

594 4288 762 4358 Cinnamo
789 4303 821 4354 et
844 4285 1003 4366 Nicetae,
1030 4307 1113 4381 quae
1140 4279 1299 4356 derebus
1326 4279 1380 4354 sub
1405 4285 1526 4358 Alexio
1554 4292 1590 4364 Η.
1623 4289 1773 4370 Comn,
1799 4273 1877 4350 liar-

596 4389 650 4462 cio
677 4404 708 4458 et
733 4383 869 4468 tuexio,
896 4381 1051 4484 Angelis,
1076 4387 1209 4456 Nicetoe
1236 4404 1368 4482 accepta
1392 4379 1547 4473 serimusr
1574 4383 1669 4460 semel
1696 4373 1877 4455 emmsub

597 4480 719 4584 ΝΜ
742 4493 829 4590 Au&
852 4482 1044 4590 Acropoun
1068 4489 1227 4565 meminit.
1285 4489 1350 4568 Res
1376 4491 1572 4566 Ttucorum
1597 4485 1652 4564 sub
1683 4479 1876 4562 Theodoro
1976 4511 1981 4520 ·

1774 4575 1876 4658 masc,
1985 4585 1990 4604 ’
