4110 5742
889 505 898 528 ⁸
1028 563 1452 656 ‘rvttcrconv'st
1523 551 1531 562 “

1141 803 1169 850 a.
1194 775 1232 854 C.
1260 777 1334 873 1153.

600 923 752 1048 tingitis
776 940 990 1018 ecclefiassicis
1013 961 1177 1041 praeerat,
1204 945 1319 1014 huicce
1344 935 1479 1016 consilio
1504 933 1630 1012 obstitit.
1655 929 1738 1010 Non
1763 931 1887 1010 decem

601 1053 770 1147 inquiens,
797 1053 879 1118 inter
905 1043 1048 1116 diuinam
1075 1039 1324 1144 suppelle'dliiem
1351 1063 1383 1115 et
1409 1037 1493 1114 sacra
1517 1057 1709 1112 ornamenta
1739 1041 1884 1136 impium

463 1227 467 1234 ,
602 1152 775 1222 hominem
801 1143 941 1219 mansne.
993 1145 1082 1217 Alius
1115 1165 1276 1246 praeterea
1307 1139 1392 1216 casus
1431 1167 1503 1217 rem
1543 1137 1700 1240 impediit.
1749 1143 1884 1241 Qippe

602 1245 766 1348 profunda
793 1253 857 1318 iam
883 1247 981 1318 nodie
1006 1244 1142 1318 validior
1168 1240 1326 1342 quaedam
1355 1249 1485 1344 agitatio
1517 1261 1620 1314 totam
1652 1261 1786 1338 repente
1821 1261 1886 1312 ter·

491 1421 493 1426 .
600 1377 671 1422 ram
699 1345 864 1428 concuffit.
885 1385 923 1398 -
947 1343 1034 1446 Qid
1060 1369 1169 1418 antem
1195 1342 1272 1416 illud
1299 1344 1520 1444 portenderit,
1544 1337 1710 1442 perspicue
1743 1337 1886 1415 ostendit

600 1455 647 1523 rei
673 1453 792 1520 exitura
835 1451 966 1546 Qtippe
991 1445 1205 1520 Clitziasshlan
1229 1447 1334 1520 multo
1358 1445 1431 1544 post
1456 1463 1605 1543 tempore
1635 1445 1768 1540 mptis,
1799 1459 1884 1544 quae

601 1575 678 1622 cum
703 1550 850 1648 principe
875 1550 990 1618 lancisa
1016 1543 1165 1628 fuerant,
1191 1548 1312 1645 pacis,
1340 1551 1513 1620 Romanos
1539 1569 1616 1616 cum
1647 1543 1800 1614 omnibus
1840 1548 1887 1616 vi·

459 1681 475 1712 e
604 1650 691 1723 ribus
717 1653 750 1718 in
775 1643 880 1719 Persas
907 1652 1066 1718 conuertit
1092 1651 1132 1720 ⁵).
1185 1647 1245 1718 tbi
1272 1673 1347 1720 cum
1374 1644 1461 1719 forte
1492 1651 1527 1716 in
1550 1644 1623 1718 toea
1653 1641 1795 1716 difficilia
1828 1667 1889 1717 eo·

568 1791 573 1799 ·
605 1775 680 1824 rum
709 1751 865 1821 exercitus
892 1743 1071 1826 incidiffet,
1095 1748 1252 1845 plurimos
1278 1747 1429 1848 dignitate
1459 1743 1591 1820 illustres
1623 1749 1710 1817 vitos
1743 1740 1886 1826 anille,

588 1913 593 1920 .
608 1871 642 1923 et
667 1855 708 1920 in·
725 1853 826 1920 maius
852 1843 982 1919 veniss‘et
1005 1843 1173 1920 discrimen
1191 1907 1198 1924 .
1225 1845 1285 1921 nist
1298 1857 1473 1947 imperator
1487 1850 1650 1919 humanae
1662 1845 1724 1918 illic
1737 1842 1890 1936 audaciae

608 1949 750 2024 modum
776 1945 934 2020 exceffiffe
958 1945 1039 2020 visus
1065 1944 1148 2020 cffct.
1172 1947 1236 2021 Sed
1262 1948 1365 2034 haec,
1389 1952 1436 2024 vti
1459 1967 1493 2022 et
1515 1973 1599 2024 mox
1611 1943 1775 2032 diximus,
1799 1944 1891 2022 deiu-

609 2043 684 2152 ceps
708 2075 728 2121 a
752 2047 845 2122 nobis
871 2051 1226 2123 commemorabuntur.
1586 2073 1590 2080 ·
1660 2109 1661 2113 ,

709 2233 859 2330 Princeps
878 2226 963 2305 'vero
989 2237 1084 2304 inea
1110 2235 1248 2332 palatia,
1274 2257 1356 2334 quae
1380 2226 1421 2304 ad
1453 2229 1623 2304 australem
1647 2231 1731 2307 vrbis
1761 2239 1891 2330 partem

608 2324 704 2422 sunt,
731 2331 940 2420 concedens,
966 2331 1146 2432 magnificis
1173 2333 1263 2405 illum
1291 2332 1391 2431 epulis
1417 2352 1449 2404 ct
1473 2338 1566 2406 otnni
1580 2327 1822 2407 beneuolentiae
1834 2359 1892 2432 ge·

610 2455 688 2504 nere
712 2439 859 2531 excepit:
886 2429 963 2504 inde
989 2455 1021 2506 et
1046 2435 1239 2532 equestribus
1266 2435 1488 2506 certaminibus
1515 2432 1714 2511 oblectante,
1745 2429 1892 2532 scaphas·

612 2555 676 2630 que
701 2553 734 2604 et
758 2538 855 2606 acatia
880 2557 920 2604 ex
952 2557 1057 2606 more·
1086 2531 1107 2605 li
1132 2532 1211 2607 nido
1247 2539 1324 2632 igne
1360 2533 1527 2623 incendit,
1559 2531 1715 2611 ludorum
1749 2531 1891 2638 denique

612 2631 805 2708 encenfiun
830 2629 1015 2734 spediaculis
1031 2671 1074 2686 --
1087 2559 1130 2708 ad
1159 2631 1332 2712 satietatem
1353 2639 1523 2709 recreauit.
1577 2661 1580 2667 ·

1214 2872 1223 2890 ο
1268 2849 1286 2890 O

721 2941 750 3008 Ia
775 2937 873 3034 igitur
897 2958 974 3008 cum
1000 2934 1055 3042 diu
1082 2933 1149 3014 satis
1176 2819 1322 3036 deind
1347 2937 1476 3042 egiss'et,
1503 2951 1535 3013 et
1560 2943 1668 3039 priora
1691 2943 1786 3042 palla
1817 2939 1893 3016 aite-

613 3063 653 3132 το
679 3041 775 3110 etiam
802 3031 1207 3126 firmassetginretnrando,
1232 3043 1371 3115 domum
1403 3037 1546 3116 retrorsus
1578 3041 1632 3126 est.
1682 3049 1748 3118 Eae
1787 3067 1894 3144 porro

615 3135 706 3212 fuere
731 3131 871 3208 foederis
896 3135 1118 3214 conditiones:
1146 3147 1295 3228 Eorum,
1322 3149 1377 3242 qui
1403 3147 1604 3242 imperatoris
1627 3144 1735 3220 hostes
1774 3141 1894 3227 offena,

615 3233 774 3412 piramdiu
799 3240 944 3321 viueret,
970 3241 1096 3313 hostem
1124 3237 1290 3318 fintenum.
1317 3250 1521 3343 amicumque
1539 3265 1651 3316 contra
1671 3271 1810 3331 comm,
1833 3271 1893 3346 qu

621 3346 627 3358 '
654 3346 699 3412 ius
724 3339 819 3408 amici
844 3332 974 3411 forent:
1000 3345 1149 3427 vrbium,
1173 3370 1250 3444 quas
1276 3341 1341 3444 ipse
1371 3365 1528 3445 caperet,
1562 3350 1701 3420 maiores
1733 3375 1773 3420 ac
1803 3372 1895 3446 prae·

618 3444 726 3540 cipuas
750 3440 937 3536 imperatori
960 3441 1174 3536 traditurum3
1197 3441 1316 3560 toedus
1341 3473 1418 3521 cum
1442 3446 1585 3550 quolibet
1606 3446 1721 3535 hoste,
1745 3453 1920 3568 principe

1847 3574 1898 3624 m·

752 3760 895 3866 pretlnls
917 3763 1046 3850 vestitus
1073 3783 1103 3840 et
1127 3783 1375 3840 ornamentorum
1407 3777 1559 3842 varietata
1591 3778 1771 3856 collaterat,
1802 3788 1895 3864 mone

755 3856 927 3932 tmperalor
948 3871 1015 3918 cnm
1047 3857 1192 3942 applausit
1227 3870 1257 3923 tt
1288 3861 1558 3927 acclamationibus
1586 3864 1727 3944 oinium,
1762 3863 1896 3928 oddnffo

751 3953 812 4035 Μ
835 3933 985 4018 Stlllatw,
1010 3943 1062 4027 qni
1085 3949 1163 4010 inter
1186 3955 1321 4008 caeteros
1341 3967 1479 4026 procerm
1495 3948 1696 4034 festivitatem
1719 3947 1803 4014 Wam
1822 3953 1897 4014 celt-

759 4017 906 4119 brnomm
920 4021 1083 4106 redderet,
1104 4031 1286 4112 proditurus
1311 4031 1404 4117 efflt:
1428 4033 1515 4100 Deus
1540 4035 1617 4098 iltius
1639 4031 1895 4118 dieisplmdorern

744 4105 823 4190 [ἰαί
846 4111 981 4176 Μανῆ.
1025 4113 1112 4178 Nom
1138 4127 1239 4180 terrae
1264 4125 1350 4182 mota
1383 4123 1495 4184 multae
1523 4114 1772 4204 splendidifflmae
1804 4121 1898 4187 aedes

639 4251 648 4262 .
756 4203 955 4258 corruerant.-
977 4205 1008 4260 at
1030 4196 1113 4264 ol‘ris
1137 4203 1327 4283 intemperies
1349 4207 1498 4285 analige
1521 4213 1551 4268 et
1575 4207 1630 4269 olli
1653 4207 1779 4290 qnidam
1798 4217 1897 4271 tmo-

752 4275 996 4424 abgs'uta-rploontrs
1026 4281 1182 4352 lominum
1218 4289 1338 4354 animos
1367 4309 1388 4356 a
1419 4289 1584 4378 triumphis
1623 4291 1654 4356 in
1676 4287 1714 4378 se
1742 4302 1899 4362 connote-

668 4511 710 4584 s)
734 4510 778 4571 Dc
801 4511 846 4574 hia
880 4511 950 4578 vide
984 4513 1063 4580 infre
1094 4517 1129 4604 pl.
1164 4529 1237 4598 208.
1251 4516 1337 4607 seqq.
1468 4571 1474 4582 .
