3994 5736
590 505 800 628 carru
835 546 907 628 uu
1259 585 1267 597 ·
1335 559 1400 648 ae

456 760 458 766 ’
558 774 588 826 a
614 755 654 828 C.
678 749 922 845 10837-1096.

117 913 324 1018 phoebenum
350 908 547 1016 conspexere
571 943 643 1017 pars
666 919 865 1014 Scytharum
892 909 1075 1014 quaedam,
1100 935 1119 984 a
1145 915 1398 992 continentevet·

118 1043 155 1090 ro
180 1022 306 1118 magnis
330 1010 426 1090 simul
450 1020 610 1092 itineribus
634 1048 712 1093 cum
736 1045 861 1119 magno
888 1021 1028 1092 exercitu
1055 1018 1285 1114 imperatorem
1311 1015 1400 1090 andi·

119 1144 192 1192 uere
219 1116 323 1220 ipsum
348 1137 461 1190 contra
483 1115 567 1218 ipsos
593 1120 744 1206 tendere,
770 1117 979 1192 hauddubie
1006 1123 1244 1193 circumuentos
1270 1117 1300 1192 se
1327 1123 1399 1202 rati,

119 1219 277 1320 planeque
304 1213 503 1318 desperantes
529 1224 653 1322 utrique
675 1219 774 1296 simul
799 1217 999 1321 impressioni
1023 1215 1222 1292 suslineudae
1249 1215 1280 1292 se
1305 1245 1398 1320 pares

121 1312 183 1394 else
209 1315 323 1422 posse,
347 1337 494 1420 ‘tempus
517 1321 658 1396 laxando
683 1323 854 1424 periculo,
875 1319 1061 1396 'tradiaudae
1085 1327 1170 1421 pacis
1183 1319 1401 1407 simulatione,

117 1415 213 1496 furari
239 1420 456 1497 decreuerunt
506 1427 649 1498 Centum
674 1446 814 1528 ergoet
839 1427 1070 1524 quinquaginta
1095 1419 1168 1496 suae
1195 1427 1298 1518 gentis
1331 1449 1402 1497 ora·

119 1522 267 1596 toresad
292 1527 522 1622 imperatorem
548 1525 724 1626 delegant3
749 1531 884 1628 negorio
911 1523 968 1596 illis
995 1522 1095 1608 dato,
1122 1544 1157 1598 ut
1189 1551 1303 1624 pacem
1329 1529 1401 1626 qui·

116 1619 193 1696 dem
221 1643 352 1724 petant,
379 1645 542 1698 caeterum
569 1627 784 1702 humilitatem
809 1624 866 1726 sup
891 1623 1046 1698 licationis
1071 1627 1233 1698 minarum
1258 1647 1333 1726 apte
1353 1631 1401 1698 in-

117 1742 202 1798 texta
228 1721 425 1798 confidentia
450 1729 689 1812 corroborent,
715 1654 966 1828 ‘promilibrnm
990 1753 1123 1826 quoque
1141 1727 1401 1800 oslentatiouein

118 1845 267 1924 tempore
294 1823 449 1904 admissa,
474 1825 515 1900 de
541 1853 681 1928 quorum
707 1829 775 1904 fide
815 1828 896 1900 nihil
937 1830 1123 1916 laborarent
1172 1829 1402 1902 Pollicerentut

116 1951 196 2028 ergo
210 1923 282 2001 sane
306 1925 363 2013 ι1),
388 1925 414 2000 fi
441 1955 490 2001 res
514 1925 635 2016 seruet,
661 1929 686 2004 fi
715 1929 875 2032 Augullus
888 1933 1016 2024 Scythis
1038 1950 1214 2013 annueret,
1242 1929 1401 2030 quaercl-

114 2027 207 2104 lent.
233 2031 419 2103 habiturum
445 2057 502 2104 eos
527 2029 612 2106 fidos
637 2035 772 2104 cuiusuis
805 2029 876 2103 belli
915 2027 1039 2116 socios,
1076 2057 1215 2104 numero
1252 2036 1402 2132 equitnm

117 2135 245 2231 triginta
270 2131 417 2218 millium,
467 2132 570 2206 Facile
601 2139 778 2232 imperator
812 2127 907 2204 sensit
944 2129 1094 2204 fraudem
1130 2133 1252 2233 ‘gentis
1291 2132 1401 2206 barba·

115 2259 171 2304 rae
196 2229 258 2322 ²³);
284 2259 415 2333 quoque
439 2253 562 2306 terrore
584 2231 626 2306 ad
658 2231 901 2332 compositionis
938 2238 1165 2313 mentionem,
1192 2233 1272 2304 altra
1308 2229 1402 2308 usum

1405 649 1488 736 Imp.
1520 659 1609 720 'arfl-

1408 755 1473 800 κιο
1500 739 1524 806 Ι.

1404 823 1515 892 Come

114 2333 232 2408 uitandi
258 2331 427 2432 praesentis
440 2339 569 2431 periculi
583 2363 785 2434 nequaquam
802 2334 990 2416 duraturae,
1019 2331 1301 2433 compellerentur.
1327 2341 1398 2408 ‘ita
1480 2361 1491 2380 ‘

139 2461 179 2506 ue
206 2435 284 2507 nihil
312 2433 482 2520 dubizans,
508 2441 586 2536 quin
626 2433 778 2510 securitati
805 2465 885 2510 mox
899 2435 1038 2520 redditi,
1066 2457 1306 2507 conuentorum
1333 2433 1400 2510 fide

112 2460 227 2635 susque
253 2533 358 2637 deque
382 2540 507 2620 habita,
544 2529 721 2613 infestiores
755 2565 851 2638 quam
890 2564 1034 2636 vnqrram
1072 2539 1220 2634 concepti
1255 2529 1400 2614 fatrillaur

115 2635 181 2712 odii
195 2691 206 2722 ‚
232 2634 441 2713 linurlationis
467 2644 576 2714 cinere
599 2639 754 2722 excursio,
785 2649 819 2713 in
849 2647 958 2740 magui
985 2639 1155 2712 limnmam
1180 2634 1321 2712 incedi
1344 2663 1399 2714 ex·

117 2743 239 2815 citaturi
265 2735 376 2852 spreut
400 2737 463 2831 0),
489 2741 686 2846 legationem
713 2743 882 2818 admittere
907 2741 1020 2816 noluit.

213 2931 307 3006 Dum
330 2946 439 3000 autem
468 2925 508 3000 de
533 2955 574 3000 eo
600 2925 671 3028 ipso
699 2925 933 3029 disceptarent,
955 2919 1175 3000 commodum
1215 2944 1290 3000 ecce
1327 2920 1399 2998 lcn'·

114 3031 230 3104 barum
257 3027 473 3128 imperialium
501 3027 653 3124 quidam,
680 3033 832 3104 Nicolaus
859 3035 1016 3116 nomine,
1042 3035 1272 3128 imperatorem
1311 3053 1400 3100 acce·

114 3130 215 3217 dens,
247 3136 281 3204 in
305 3159 417 3202 aurem
445 3127 610 3204 insusurrat
634 3135 873 3216 baecverba‚„
896 3136 1010 3212 Scito,
1039 3129 1203 3232 Atrgusle‚
1229 3129 1395 3203 foremox

53 3273 59 3284 ι
114 3237 179 3307 lrac
203 3229 268 3334 ipsa
294 3235 376 3305 hora
402 3231 580 3332 deliquium
607 3229 712 3306 solaris
738 3233 918 3317 luminis„
969 3238 1089 3330 ‘Qum
1116 3231 1323 3332 exploratane
1347 3235 1395 3303 in·

116 3333 322 3417 dicarentur,
349 3329 513 3408 dubitante
537 3363 574 3405 ac
600 3335 728 3409 credere
755 3341 951 3419 cundiam,
983 3325 1078 3407 scriba
1103 3339 1198 3406 etiarn
1225 3323 1398 3406 iureisrran-

115 3433 377 3535 doinrerpofito
403 3431 637 3534 perseuerauit,
672 3459 761 3512 certo
799 3445 914 3512 certius
953 3433 1043 3520 else,
1071 3435 1161 3536 quod
1199 3431 1327 3509 afferret
1352 3431 1398 3505 a),

114 3533 279 3614 Persuasus
304 3539 491 3638 Angustus,
515 3563 552 3610 ac
577 3565 686 3624 mox,
712 3567 775 3640 pro
802 3547 907 3614 innata
934 3541 1054 3638 ingenii
1080 3537 1269 3620 velocitate,
1301 3533 1398 3610 colla·

114 3663 147 3714 ta
177 3667 217 3712 ex
243 3659 308 3711 tens
335 3665 392 3712 ore
418 3635 588 3714 occasione
612 3647 645 3714 in
671 3648 716 3716 rei
742 3640 912 3740 praesentis
938 3639 1054 3722 usum,
1079 3643 1143 3710 a'cri
1168 3660 1302 3740 repente
1327 3634 1396 3710 vul·

112 3763 148 3817 tu
176 3667 348 3818 conuersa
374 3739 415 3814 ad
439 3743 574 3838 Scythas
600 3743 689 3838 ²l‚,‚
714 3747 848 3830 Deum,
873 3747 997 3846 inquit,
1023 3737 1094 3815 sero
1114 3739 1395 3820 iudicem'nossrae

592 3861 594 3866 ’
1317 3863 1397 3932 c0n7

158 4041 207 4123 a)
231 4039 273 4098 ira
298 4035 326 4100 δι
350 4033 380 4099 tiu
403 4038 666 4130 aqdmxuspems.
822 4042 870 4121 d)
895 4065 932 4102 τε
954 4037 982 4103 da
1003 4035 1198 4119 trahemus,
1222 4043 1315 4107 laesos
1328 4048 1396 4109 iuu-

163 4129 209 4209 ᾗ)
234 4149 287 4186 των
310 4130 436 4188 Zau-lur-
779 4152 895 4208 μνυτο,
921 4155 963 4202 μη
987 4125 1185 4206 desiderandus.

161 4221 206 4286 c)
228 4236 272 4290 κο,
299 4209 321 4273 α’
353 4209 439 4276 uideas
473 4209 542 4274 stus
581 4238 696 4292 τνχοιεν
719 4258 731 4290 ,
826 4215 867 4294 a)
892 4210 980 4274 destos
1003 4213 1030 4274 dr
1056 4213 1070 4276 ti
1097 4215 1276 4296 insaeptum
1300 4239 1396 4296 rogarat

110 4329 164 4368 rou
189 4297 427 4382 aintupvtrerpersor
452 4325 500 4370 ans
523 4295 613 4362 riom
632 4325 731 4362 neurus
779 4324 840 4380 urps
864 4327 916 4362 aas
940 4305 1123 4386 sedunenses,
1147 4314 1216 4382 Φησι
1241 4327 1299 4366 ross
1323 4311 1396 4366 Σκυ·
1464 4306 1476 4315 ’

112 4392 256 4470 exstirpat
284 4384 317 4450 eir
340 4413 439 4468 stupens
474 4384 595 4457 drudam
629 4383 736 4468 perpetu
779 4390 846 4450 beas
870 4391 1039 4471 integriores·

113 4503 265 4577 Humor.
291 4497 331 4577 T.
356 4498 501 4576 111.st
529 4503 582 4578 ΙΙ.
684 4503 765 4601 Qq
789 4523 813 4600 q
837 4523 860 4600 ‘1
885 4523 909 4600 q

1171 4619 1182 4651 l
