4018 5734
236 1055 255 1160 [
268 1083 342 1137 noc
367 1057 587 1158 imperatore]
612 1077 683 1128 non
708 1081 727 1127 a
753 1057 1070 1156 septentrionalibus
1102 1055 1257 1138 duntaxat
1289 1043 1397 1142 barhes
1544 1073 1558 1082 ’

131 1163 173 1242 tls
199 1165 382 1264 [Scythis,
406 1178 509 1260 puta,
535 1175 567 1229 et
593 1155 741 1254 Blachis]
769 1161 911 1232 Romani
944 1181 1103 1258 perpetuo
1136 1167 1364 1264 premebfflms
1387 1219 1400 1252 ,
1422 1135 1490 1208 272.

134 1257 251 1342 sedin
276 1269 398 1338 oriente
422 1255 521 1332 l‘ersrs
553 1257 648 1329 etiam
664 1256 816 1356 praedae
848 1275 946 1332 erant,
993 1263 1081 1334 Nam
1116 1289 1192 1338 corn
1223 1271 1269 1339 im
1294 1287 1403 1342 erutor

134 1389 215 1440 cum
242 1360 333 1438 Persa
355 1359 510 1435 Galaticae
537 1363 687 1450 Ancyrae
711 1355 850 1434 domiuo
876 1385 991 1460 pacem
1016 1354 1236 1452 nonseriffct,
1260 1285 1402 1466 lddpar,

136 1474 197 1541 tim
223 1463 392 1540 amicitiam
417 1466 508 1541 eius,
531 1477 566 1532 vt
592 1463 647 1556 qui
671 1460 828 1532 Romanis
853 1479 973 1534 nocere
997 1487 1067 1536 non
1097 1462 1224 1562 posset,
1258 1463 1404 1566 asperna,

78 1607 83 1618 ¹
136 1585 189 1641 tus
215 1564 313 1652 effet3
337 1567 453 1662 partim
465 1563 632 1730 pecuniae
658 1579 822 1656 parceret,
847 1589 929 1662 quae
953 1585 1016 1662 pro
1042 1591 1122 1662 pace
1152 1565 1404 1666 postulabatur:

134 1690 239 1742 vnum
263 1687 384 1738 annum
410 1682 442 1734 et
479 1687 519 1732 ex
559 1652 683 1731 menses
715 1661 835 1734 bellurn
869 1669 1072 1736 continenter
1111 1691 1188 1740 curn
1223 1693 1264 1744 ec
1301 1665 1403 1770 geffn,

172 1794 209 1838 ua
232 1763 274 1838 de
298 1759 386 1836 carisa
411 1761 497 1835 Cilix
522 1759 651 1832 hlexius
678 1785 737 1844 ea,
766 1787 848 1862 quae
872 1763 1061 1854 retulimus,
1086 1763 1166 1838 illius
1199 1770 1314 1864 opibus
1347 1764 1406 1840 ad·
1476 1856 1482 1862 ι

135 1867 240 1950 lutus,
265 1859 429 1956 confecit:
455 1879 488 1934 et
513 1863 583 1934 vrbs
607 1857 748 1933 Dadihra
772 1889 791 1933 a
817 1861 915 1936 Perlis
940 1881 1097 1964 occupata
1122 1860 1174 1939 eli.
1210 1871 1297 1942 Nam
1324 1893 1402 1944 cum

132 1968 184 2052 is,
209 1968 362 2042 omnibus
386 1957 446 2034 suis
472 1965 573 2058 copiis
599 1955 767 2044 adduciis,
791 1957 823 2034 se
848 1990 919 2038 non
942 1962 1018 2036 inde
1048 1963 1244 2042 receffirrum
1284 1967 1416 2042 confir-¹

131 2087 254 2144 mnu,
280 2061 340 2138 nili
366 2061 452 2138 illam
485 2059 720 2160 expugnaffct,
754 2059 880 2136 obsidio
917 2083 1057 2162 quatuor
1088 2063 1212 2141 merrha
1238 2068 1403 2156 dursuit,

95 2205 101 2208 ·
129 2165 322 2246 Dadibrenis
348 2163 480 2236 nemine
505 2188 607 2260 opem
632 2157 765 2234 ferente,
813 2167 902 2238 Nam
934 2169 1110 2264 imperator
1147 2165 1204 2242 ersi
1242 2198 1299 2244 eos
1344 2191 1405 2270 pet

132 2277 269 2343 nuncios
295 2262 337 2338 ad
362 2261 489 2338 fortiter
512 2259 725 2334 refiilendum
751 2265 963 2348 hortabatur,
988 2285 1020 2338 et
1046 2265 1159 2340 auxilia
1172 2245 1400 2367 pollicebatuu

129 2359 265 2444 subinde
292 2388 400 2441 tarnen
426 2389 497 2435 rem
523 2363 796 2460 procrastinatur,
821 2385 853 2456 et
877 2365 1004 2438 finitimi
1030 2367 1250 2469 Paphlagones
1265 2397 1327 2472 pro
1353 2377 1402 2450 ius

132 2469 290 2544 accedere
315 2487 347 2540 et
371 2491 471 2564 opem
498 2468 540 2534 eis
566 2451 651 2536 ferre
684 2489 754 2564 non
780 2463 954 2538 audebant.
1005 2467 1122 2566 Neque
1154 2495 1233 2546 vero
1273 2397 1405 2546 todem

130 2571 265 2652 latebat,
289 2595 345 2642 eos
370 2569 464 2639 omni
489 2563 609 2636 auxilio
634 2561 797 2636 destitutos
822 2587 854 2638 et
873 2563 967 2638 lame
990 2573 1119 2665 premi,
1146 2587 1178 2642 et
1201 2597 1221 2644 a
1246 2575 1404 2644 mechinia

132 2669 316 2773 grauiffime
339 2663 447 2767 affligi.
496 2667 584 2737 Nam
609 2687 684 2736 cum
710 2653 806 2744 saxa,
831 2665 932 2745 calx,
965 2685 997 2738 et
1015 2666 1188 2767 =quicquid
1225 2673 1404 2768 hominurn

130 2779 215 2849 vitae
241 2767 427 2850 infidiatur,
455 2791 495 2838 cx
520 2763 652 2837 collibus
678 2767 711 2835 in
736 2763 878 2842 mediana
904 2766 1283 2860 vrbemconiicerentru,
1308 2765 1403 2846 aedes

126 2871 358 2956 diruebantur,
384 2887 416 2940 et
438 2871 529 2966 putei
554 2859 785 2942 inficiebantur.

219 3027 446 3134 ‘Non'mrrlto
471 3025 544 3134 poli
570 3023 666 3110 millis
694 3029 733 3108 ah
757 3029 952 3136 imperatore
976 3027 1119 3134 auxiliis,
1146 3055 1228 3142 quae
1252 3033 1285 3111 in
1315 3029 1403 3113 Baua·

130 3153 253 3212 uronte
278 3137 374 3210 salira
396 3137 574 3219 habebant,
598 3139 698 3210 tribus
724 3131 972 3210 adolescentibus
997 3137 1152 3224 ducibus,
1186 3147 1294 3212 Brano
1340 3137 1403 3212 rste

130 3235 361 3320 Theodoro,
409 3237 614 3310 Catacabone
638 3255 670 3310 et
696 3241 826 3309 Catane
848 3235 1060 3313 Theodoro:
1110 3235 1257 3323 Persae,
1304 3261 1342 3309 ea
1365 3259 1422 3327 req

131 3353 336 3437 comperta,
373 3353 416 3410 err
441 3329 561 3410 inlidiis
599 3355 656 3410 eos
681 3351 754 3410 ante
777 3337 884 3412 lucem
933 3335 1060 3424 adorti,
1099 3357 1132 3412 et
1155 3340 1249 3442 tergis
1274 3339 1401 3440 sagien,

133 3436 218 3512 tium
253 3433 484 3516 inhaerentes,
523 3437 600 3510 alios
639 3435 857 3524 occiderunt,
889 3437 967 3513 alios
1012 3457 1201 3540 ceperunt,
1238 3457 1273 3512 et
1317 3435 1401 3512 duos

132 3531 234 3611 duces
276 3543 355 3609 inter
395 3554 545 3611 caeteros.
581 3559 664 3637 qnos
703 3535 818 3618 Persa,
870 3539 1015 3614 maribus
1039 3535 1120 3640 poli
1145 3557 1274 3640 tergum
1299 3545 1406 3614 reuma

130 3635 194 3713 dlis·
217 3636 357 3737 audique¹
382 3631 644 3720 circumductos,
683 3637 742 3722 iis,
793 3633 908 3738 quiin
932 3641 1101 3714 moenibus
1127 3653 1246 3724 erant,
1297 3637 1406 3712 oilew

127 3739 265 3820 debat,
303 3755 478 3822 monent,
515 3756 550 3812 vt
573 3739 721 3832 vrbem,
755 3741 942 3836 priusquam·
978 3741 1050 3816 belli
1080 3739 1229 3814 fluctibus
1253 3739 1407 3813 obrueres

72 3853 80 3874 ⁸
128 3857 210 3930 tur,
237 3835 293 3910 libi
352 3833 563 3916 ibernandanr
589 3836 756 3912 traderent.
805 3843 923 3938 Neque
947 3847 1037 3914 enim
1061 3836 1151 3938 spcttt
1176 3839 1278 3914 talaris
1302 3839 1402 3916 vllam

125 3945 172 4014 eis
198 3865 380 4036 supersit:
407 3959 512 4039 neque
541 3935 570 4009 sc
595 3937 671 4010 inde
696 3919 915 4026 teceffururn,
939 3939 999 4014 nili
1023 3941 1100 4016 vrbe
1125 3959 1315 4040 expugnata.
1341 3941 1404 4013 His

123 4036 318 4216 paucius
345 4057 377 4113 et
400 4035 598 4112 sennonibtrs
630 4037 805 4112 Dadibrmi
835 4029 958 4132 fracti,
990 4039 1031 4112 ad
1069 4041 1236 4138 pacliortes
1275 4033 1403 4112 descen·

152 4155 239 4224 unt,
265 4143 387 4238 iniquas
411 4139 543 4241 quidem
572 4139 657 4222 illas,
682 4134 736 4210 scd
762 4163 839 4236 quas
863 4145 1018 4239 temporis
1044 4141 1204 4238 anguillae
1228 4159 1260 4214 et
1285 4138 1407 4217 durrm

121 4243 238 4318 telum
262 4239 422 4314 neceffitas
447 4239 639 4340 flagitabant·
687 4245 866 4320 Annuunt,
890 4235 923 4312 se
947 4243 1059 4314 vrbem
1073 4246 1198 4339 penitus
1217 4235 1407 4322 delemuros,

124 4363 164 4420 st
191 4340 316 4441 cuique
343 4361 420 4416 eum
445 4339 504 4414 suis
528 4337 690 4416 ceriffimie
715 4357 748 4413 et
772 4335 1012 4441 supelcdlilihus
1037 4337 1196 4420 incolumi
1222 4343 1308 4418 ahira
1330 4341 1407 4416 lice·

307 4515 321 4520 -
1045 4457 1047 4462 ’
1356 4457 1408 4518 Μ

167 4557 246 4626 ⁸7²·
270 4553 393 4615 nicer.
417 4548 525 4615 eden.
550 4555 582 4634 p.
602 4551 750 4628 aermon
1348 4537 1352 4544 ’
