3924 5728
1143 557 1610 636 TnTrutcouvtt

1199 783 1228 831 a.
1253 761 1292 834 C.
1317 761 1414 875 1265,

672 961 707 1015 vt
731 941 790 1026 sit,
817 945 917 1014 menti
943 963 1053 1014 errore
1074 935 1246 1033 opulorum
1269 936 1481 1014 formidinem
1504 937 1657 1022 addente,
1678 964 1709 1010 ac
1725 945 1846 1044 urgemur.

621 1037 624 1044 ’
672 1047 753 1114 ιῐιιιιι
779 1040 902 1144 aliaque
928 1041 1030 1114 obiter
1049 1041 1290 1139 apparentiam
1315 1042 1422 1114 hones
1444 1035 1572 1134 artnato
1591 1037 1769 1142 irruentesque
1785 1043 1847 1118 lesu·

671 1161 781 1216 maure
805 1147 859 1216 η).
880 1147 920 1216 Ιιι
946 1142 1129 1214 eminebant
1154 1135 1285 1215 subinde
1309 1138 1469 1216 miseriam
1499 1137 1739 1238 'desperantiriaru
1755 1149 1847 1242 principit

670 1245 845 1316 obuiorum
869 1167 1086 1342 undecunque
1103 1261 1223 1314 atroces
1236 1251 1367 1324 nuncii,
1393 1271 1492 1325 vera,
1518 1242 1630 1326 dubia,
1648 1243 1731 1332 sista,
1745 1245 1849 1316 tusisuur

673 1349 824 1416 omnium
849 1339 1080 1444 horrendaque
1103 1337 1322 1416 referentium.
1357 1342 1395 1416 Id
1421 1341 1518 1444 saepo
1541 1347 1667 1418 comiter
1690 1349 1797 1441 experti,
1814 1341 1850 1416 iub

669 1445 848 1518 mouebant
876 1441 993 1518 deinde
1018 1443 1205 1524 venientes,
1233 1469 1295 1516 nec
1319 1439 1408 1516 affari
1443 1437 1626 1546 principem
1657 1445 1785 1517 suebant:
1803 1443 1852 1516 ule

670 1549 766 1618 etiam
794 1546 918 1620 utilium
945 1543 1086 1624 indices,
1112 1547 1167 1646 qui
1194 1539 1234 1619 de
1260 1543 1426 1626 hoslibus,
1455 1573 1526 1646 quo
1553 1545 1629 1618 loco
1653 1541 1750 1626 essent,
1771 1545 1852 1643 etqui

669 1668 832 1746 agerent,
864 1641 1032 1718 necessaria
1064 1639 1140 1718 scitu
1174 1639 1351 1744 suggelluri
1384 1641 1606 1729 aduolarant,
1636 1645 1768 1717 inaudito
1790 1645 1852 1742 rtplli

667 1749 899 1846 contingebat,
924 1742 1143 1844 imprudentia
1167 1741 1241 1819 sane
1277 1745 1522 1821 excludentium
1556 1773 1690 1846 magna;
1710 1742 1753 1818 sed
1772 1738 1806 1814 sua
1822 1773 1851 1816 en

668 1867 893 1923 excaecauerat
919 1846 1159 1926 consternatio,
1185 1853 1316 1932 nimio,
1339 1869 1373 1921 vt
1398 1847 1455 1932 lit,
1482 1853 1569 1922 exitii
1604 1869 1686 1919 metu
1719 1851 1748 1917 iu
1775 1849 1852 1916 trition

665 1969 801 2022 ruentes.
852 1945 1009 2022 Tandem
1035 1953 1236 2052 aegerrime,
1260 1945 1440 2020 fauentibus
1451 1947 1606 2024 uodlium
1618 1949 1759 2027 tenebris,
1777 1949 1851 2016 iuuante

665 2047 707 2122 nd
730 2044 897 2124 latendum
924 2045 1094 2124 solitudine
1120 2047 1247 2120 callium
1276 2055 1463 2131 iuniorum,
1499 2055 1634 2124 Ganum
1670 2069 1790 2120 montent
1813 2071 1853 2116 ru·

666 2147 788 2222 scendit
812 2155 1013 2250 imperator,
1037 2150 1153 2223 relidit
1179 2151 1372 2230 comitibus,
1401 2173 1433 2222 er
1457 2149 1517 2224 fibi
1537 2211 1546 2240 ,
1573 2171 1670 2249 prout
1691 2142 1853 2248 quinqueni

665 2247 730 2330 set.
758 2247 840 2324 iussu
867 2243 1041 2324 consulere.
1070 2277 1146 2322 nam
1173 2252 1229 2322 e'or
1256 2245 1411 2330 suornm,
1449 2255 1504 2351 qui
1548 2277 1638 2349 pone
1672 2247 1853 2324 alomenu,

666 2353 770 2452 tnagis
794 2355 964 2452 magisque
990 2346 1173 2452 desperabat
1197 2346 1341 2452 effugere
1366 2345 1457 2456 posse
1482 2376 1601 2424 manus
1637 2349 1769 2426 hostiurn.
1803 2353 1854 2418 inu

667 2473 775 2526 autem
800 2453 861 2536 lti,
886 2457 940 2552 qni
965 2477 1089 2552 penum
1116 2471 1149 2526 et
1181 2459 1355 2554 pecuniam
1389 2458 1637 2554 imperatoriam
1672 2453 1855 2554 portabatur

670 2553 782 2628 Sultan
809 2558 963 2628 Azatinur
988 2579 1066 2626 cnm
1090 2545 1162 2628 suit.
1669 2593 1681 2610 ‹

601 2809 605 2816 .
769 2744 875 2816 Porro
899 2743 1079 2836 imperator
1103 2739 1157 2810 ubi
1183 2757 1335 2812 montem
1359 2731 1474 2822 subiit,
1500 2737 1621 2812 celerer
1645 2737 1677 2810 in
1708 2728 1801 2806 diuersa
1823 2735 1857 2801 ni

570 2835 572 2840 ¹
665 2859 760 2915 tens,
787 2847 864 2916 hinc
884 2839 1015 2939 quidem
1035 2837 1142 2912 hoilcs
1162 2837 1369 2912 aduentantes
1390 2837 1636 2939 speculabatur,
1658 2841 1804 2910 attentione
1816 2827 1857 2902 suu

665 2963 723 3020 ma
749 2934 891 3044 satagent
915 2941 1012 3014 latere
1032 2935 1120 3039 ipsos
1145 2959 1178 3012 et
1201 2934 1354 3038 effligere.
1375 2947 1424 3015 ‘ln
1448 2941 1547 3016 aliam
1574 2963 1652 3014 vero
1677 2957 1781 3035 partem
1799 2928 1858 3004 nilo

669 3053 780 3116 curate
819 3042 1000 3146 diligentius
1038 3037 1153 3124 iullit,
1186 3060 1221 3114 vt
1253 3045 1389 3114 triremis
1424 3068 1523 3141 quam
1558 3046 1700 3140 primum
1718 3049 1852 3109 'ocnurettt

671 3149 805 3238 monti,
831 3171 895 3245 qna
919 3167 1009 3215 mare
1041 3147 1164 3242 tangit.
1182 3138 1361 3220 ,confestim
1396 3133 1429 3216 se
1452 3142 1644 3216 admoneor
1679 3143 1718 3212 Et
1737 3135 1857 3226 boloni

651 3248 775 3330 uem,
797 3271 884 3320 mox
910 3263 1123 3344 apparenter,
1146 3241 1258 3316 locum
1286 3243 1328 3316 ni
1352 3241 1430 3317 loco
1462 3265 1617 3332 mutans,
1645 3234 1778 3312 ‘solerter
1799 3229 1862 3312 etit,

573 3429 575 3442 Ι
670 3371 841 3445 nunquam
888 3347 947 3430 iit,
973 3341 1030 3416 etsi
1068 3349 1223 3416 acerrime
1255 3339 1330 3416 inda
1354 3346 1506 3429 antibus,
1533 3339 1718 3442 conspedlua
1739 3344 1777 3410 θ).
1814 3335 1864 3404 ‘Tri

670 3464 796 3520 retnem
821 3467 936 3522 autem·
954 3469 1030 3518 cum
1057 3441 1261 3546 cognouiffct
1286 3371 1472 3520 tusscorum
1499 3445 1626 3546 praello
1651 3438 1709 3514 else
1726 3437 1760 3511 ad
1775 3431 1864 3532 deligu-

669 3549 929 3626 terminent),
954 3569 997 3618 eo
1022 3559 1118 3620 ‘cum
1151 3549 1277 3646 exiguis
1299 3552 1482 3620 ’comitatus
1516 3544 1631 3645 dilapsi
1663 3543 1782 3639 reliqniis
1798 3539 1818 3594 'i
1837 3531 1867 3602 lt·

666 3642 823 3721 scendens
849 3673 868 3719 e
891 3667 1008 3721 monte
1033 3641 1221 3722 conscendit
1246 3653 1280 3718 in
1306 3669 1449 3747 paratam
1475 3654 1608 3730 nanim,
1634 3663 1665 3717 et
1694 3641 1734 3716 src
1766 3635 1867 3712 eoum

569 3811 578 3818 .
669 3748 831 3847 tinopolin
856 3743 957 3822 saluus
979 3753 1088 3826 tenuit.
1141 3747 1204 3820 Alii
1229 3745 1344 3848 passim
1372 3745 1500 3849 dispersi
1526 3775 1587 3849 per
1612 3747 1776 3830 Thraciam
1794 3740 1891 3838 partin

667 3853 751 3948 rapti
775 3845 872 3952 suut,
898 3855 1016 3952 partim
1039 3869 1165 3950 praeter
1191 3853 1383 3952 opinionem
1409 3851 1593 3927 incolumen
1618 3840 1776 3920 euaserunt.
1890 3857 1891 3876 ³

1804 3941 1868 4038 §³²

705 4177 751 4258 tt)
775 4202 822 4255 κη
845 4186 899 4258 rap
920 4180 968 4254 aelf
991 4174 1067 4238 aiace
1090 4173 1272 4259 reveritor
1360 4182 1414 4269 p)
1440 4203 1491 4252 erre
1524 4177 1553 4241 ir
1587 4176 1687 4256 ,idae
1718 4167 1869 4254 torpendum

660 4261 831 4340 aitarnpaaea
855 4274 1013 4340 φαιτιισιιιν
1035 4289 1165 4345 repexit
1188 4275 1272 4326 πολι·
1320 4291 1450 4350 conpotes.

659 4375 754 4432 ¹petere,
778 4355 970 4422 iuraturum
992 4348 1102 4413 debeas
1126 4349 1237 4430 ιῖφιιτε.

1363 4451 1407 4524 r)
1432 4461 1490 4504 ern
1511 4444 1627 4502 λιιιιοσ.

696 4521 745 4604 ο)
765 4545 843 4586 areret
867 4545 901 4588 re
926 4522 1049 4594 λιλιιὲισ
1073 4515 1248 4605 lindifarne-

635 4676 638 4686 ·
729 4658 738 4692 1
