<?xml version="1.0" encoding="UTF-8"?>
<!DOCTYPE html PUBLIC "-//W3C//DTD XHTML 1.0 Transitional//EN"
    "http://www.w3.org/TR/xhtml1/DTD/xhtml1-transitional.dtd">
<html xmlns="http://www.w3.org/1999/xhtml" xml:lang="en" lang="en">
 <head>
  <title>
</title>
<meta http-equiv="Content-Type" content="text/html;charset=utf-8" />
  <meta name='ocr-system' content='tesseract 3.04.00' />
  <meta name='ocr-capabilities' content='ocr_page ocr_carea ocr_par ocr_line ocrx_word'/>
</head>
<body>
  <div class='ocr_page' id='page_1' title='image "./memoriaepopulor03strigoog_0246.png"; bbox 0 0 4048 5742; ppageno 0'>
   <div class='ocr_carea' id='block_1_1' title="bbox 560 559 1536 730">
    <p class='ocr_par' dir='ltr' id='par_1_1' title="bbox 560 559 1536 730">
     <span class='ocr_line' id='line_1_1' title="bbox 560 559 1536 730; baseline 0.006 -28"><span class='ocrx_word' id='word_1_1' title='bbox 560 615 826 702; x_wconf 76' lang='lat' dir='ltr'>‘&#39;ontv&#39;r</span> <span class='ocrx_word' id='word_1_2' title='bbox 865 620 953 702; x_wconf 82' lang='lat' dir='ltr'>XiV.</span> <span class='ocrx_word' id='word_1_3' title='bbox 1368 653 1426 730; x_wconf 67' lang='grc' dir='ltr'>ης</span> <span class='ocrx_word' id='word_1_4' title='bbox 1471 559 1479 568; x_wconf 33' lang='grc'><strong>.</strong></span> <span class='ocrx_word' id='word_1_5' title='bbox 1535 641 1536 650; x_wconf 70' lang='lat'>‘</span> 
     </span>
    </p>
   </div>
   <div class='ocr_carea' id='block_1_2' title="bbox 139 827 1425 1050">
    <p class='ocr_par' dir='ltr' id='par_1_2' title="bbox 139 827 1425 1050">
     <span class='ocr_line' id='line_1_2' title="bbox 139 827 1425 1050; baseline 0.002 -26"><span class='ocrx_word' id='word_1_6' title='bbox 139 949 256 1024; x_wconf 72' lang='lat' dir='ltr'>aanor</span> <span class='ocrx_word' id='word_1_7' title='bbox 277 939 362 1018; x_wconf 78' lang='lat' dir='ltr'>snit’·</span> <span class='ocrx_word' id='word_1_8' title='bbox 410 937 551 1020; x_wconf 81' lang='lat' dir='ltr'>Petsuesi</span> <span class='ocrx_word' id='word_1_9' title='bbox 577 827 814 1050; x_wconf 58' lang='lat' dir='ltr'>nhccdublplle</span> <span class='ocrx_word' id='word_1_10' title='bbox 839 845 1081 1022; x_wconf 57' lang='lat' dir='ltr'>coltllilbssunt.¹</span> <span class='ocrx_word' id='word_1_11' title='bbox 1128 943 1272 1048; x_wconf 83' lang='lat' dir='ltr'>ipsisque</span> <span class='ocrx_word' id='word_1_12' title='bbox 1296 948 1425 1050; x_wconf 78' lang='lat' dir='ltr'>prolixe</span> 
     </span>
    </p>
   </div>
   <div class='ocr_carea' id='block_1_3' title="bbox 143 1045 1430 1854">
    <p class='ocr_par' dir='ltr' id='par_1_3' title="bbox 143 1045 1430 1854">
     <span class='ocr_line' id='line_1_3' title="bbox 143 1045 1424 1148; baseline 0 -25"><span class='ocrx_word' id='word_1_13' title='bbox 143 1045 423 1134; x_wconf 74' lang='lat' dir='ltr'>concedentibus,</span> <span class='ocrx_word' id='word_1_14' title='bbox 453 1047 561 1122; x_wconf 86' lang='lat' dir='ltr'>moliti</span> <span class='ocrx_word' id='word_1_15' title='bbox 595 1050 762 1148; x_wconf 88' lang='lat' dir='ltr'>extemplo</span> <span class='ocrx_word' id='word_1_16' title='bbox 789 1047 986 1124; x_wconf 86' lang='lat' dir='ltr'>Baimnndus</span> <span class='ocrx_word' id='word_1_17' title='bbox 1021 1051 1129 1146; x_wconf 89' lang='lat' dir='ltr'>coepit</span> <span class='ocrx_word' id='word_1_18' title='bbox 1167 1073 1325 1136; x_wconf 87' lang='lat' dir='ltr'>murum,</span> <span class='ocrx_word' id='word_1_19' title='bbox 1379 1077 1424 1124; x_wconf 94' lang='lat' dir='ltr'>uo</span> 
     </span>
     <span class='ocr_line' id='line_1_4' title="bbox 146 1077 1426 1250; baseline -0.001 -25"><span class='ocrx_word' id='word_1_20' title='bbox 146 1149 290 1226; x_wconf 85' lang='lat' dir='ltr'>mediam</span> <span class='ocrx_word' id='word_1_21' title='bbox 316 1147 524 1222; x_wconf 75' lang='lat' dir='ltr'>Antiochiam</span> <span class='ocrx_word' id='word_1_22' title='bbox 550 1153 585 1220; x_wconf 93' lang='lat' dir='ltr'>in</span> <span class='ocrx_word' id='word_1_23' title='bbox 612 1143 781 1250; x_wconf 85' lang='lat' dir='ltr'>obliquum</span> <span class='ocrx_word' id='word_1_24' title='bbox 807 1147 976 1238; x_wconf 78' lang='lat' dir='ltr'>scindens,</span> <span class='ocrx_word' id='word_1_25' title='bbox 1001 1175 1111 1222; x_wconf 84' lang='lat' dir='ltr'>arcent</span> <span class='ocrx_word' id='word_1_26' title='bbox 1135 1175 1154 1222; x_wconf 93' lang='lat' dir='ltr'>a</span> <span class='ocrx_word' id='word_1_27' title='bbox 1179 1151 1301 1224; x_wconf 81' lang='lat' dir='ltr'>Tuscis</span> <span class='ocrx_word' id='word_1_28' title='bbox 1334 1077 1426 1224; x_wconf 71' lang='lat' dir='ltr'>inles-</span> 
     </span>
     <span class='ocr_line' id='line_1_5' title="bbox 148 1245 1425 1352; baseline 0.002 -27"><span class='ocrx_word' id='word_1_29' title='bbox 148 1247 218 1325; x_wconf 88' lang='lat' dir='ltr'>sam</span> <span class='ocrx_word' id='word_1_30' title='bbox 232 1277 261 1330; x_wconf 72' lang='lat' dir='ltr'>,a</span> <span class='ocrx_word' id='word_1_31' title='bbox 283 1249 399 1346; x_wconf 86' lang='lat' dir='ltr'>reliqua</span> <span class='ocrx_word' id='word_1_32' title='bbox 420 1249 498 1321; x_wconf 80' lang='lat' dir='ltr'>vrbe</span> <span class='ocrx_word' id='word_1_33' title='bbox 522 1245 687 1348; x_wconf 89' lang='lat' dir='ltr'>separaret.</span> <span class='ocrx_word' id='word_1_34' title='bbox 738 1251 815 1324; x_wconf 88' lang='lat' dir='ltr'>Tali</span> <span class='ocrx_word' id='word_1_35' title='bbox 847 1249 952 1352; x_wconf 90' lang='lat' dir='ltr'>specie</span> <span class='ocrx_word' id='word_1_36' title='bbox 985 1277 1023 1323; x_wconf 87' lang='lat' dir='ltr'>ac</span> <span class='ocrx_word' id='word_1_37' title='bbox 1058 1269 1224 1349; x_wconf 78' lang='lat' dir='ltr'>praetextu</span> <span class='ocrx_word' id='word_1_38' title='bbox 1257 1247 1425 1327; x_wconf 75' lang='lat' dir='ltr'>munitissi-</span> 
     </span>
     <span class='ocr_line' id='line_1_6' title="bbox 152 1348 1425 1454; baseline 0.001 -29"><span class='ocrx_word' id='word_1_39' title='bbox 152 1379 247 1425; x_wconf 89' lang='lat' dir='ltr'>marn</span> <span class='ocrx_word' id='word_1_40' title='bbox 270 1348 441 1422; x_wconf 80' lang='lat' dir='ltr'>aedificastis</span> <span class='ocrx_word' id='word_1_41' title='bbox 462 1376 597 1436; x_wconf 83' lang='lat' dir='ltr'>arcem,</span> <span class='ocrx_word' id='word_1_42' title='bbox 623 1351 695 1425; x_wconf 89' lang='lat' dir='ltr'>belli</span> <span class='ocrx_word' id='word_1_43' title='bbox 721 1377 820 1451; x_wconf 85' lang='lat' dir='ltr'>quam</span> <span class='ocrx_word' id='word_1_44' title='bbox 852 1349 1036 1454; x_wconf 79' lang='lat' dir='ltr'>longissime</span> <span class='ocrx_word' id='word_1_45' title='bbox 1070 1349 1210 1424; x_wconf 91' lang='lat' dir='ltr'>ducendi</span> <span class='ocrx_word' id='word_1_46' title='bbox 1242 1375 1425 1452; x_wconf 87' lang='lat' dir='ltr'>receptacu-</span> 
     </span>
     <span class='ocr_line' id='line_1_7' title="bbox 155 1447 1424 1553; baseline 0.001 -28"><span class='ocrx_word' id='word_1_47' title='bbox 155 1453 227 1526; x_wconf 89' lang='lat' dir='ltr'>lum</span> <span class='ocrx_word' id='word_1_48' title='bbox 252 1447 524 1523; x_wconf 77' lang='lat' dir='ltr'>intrrrttiffimum.</span> <span class='ocrx_word' id='word_1_49' title='bbox 550 1457 602 1526; x_wconf 88' lang='lat' dir='ltr'>cui</span> <span class='ocrx_word' id='word_1_50' title='bbox 625 1457 819 1526; x_wconf 87' lang='lat' dir='ltr'>acerrimum</span> <span class='ocrx_word' id='word_1_51' title='bbox 845 1449 876 1526; x_wconf 91' lang='lat' dir='ltr'>se</span> <span class='ocrx_word' id='word_1_52' title='bbox 889 1451 954 1553; x_wconf 90' lang='lat' dir='ltr'>ipse</span> <span class='ocrx_word' id='word_1_53' title='bbox 965 1449 1134 1525; x_wconf 83' lang='lat' dir='ltr'>cttslodent</span> <span class='ocrx_word' id='word_1_54' title='bbox 1152 1447 1328 1552; x_wconf 76' lang='lat' dir='ltr'>imposuit3</span> <span class='ocrx_word' id='word_1_55' title='bbox 1353 1479 1424 1528; x_wconf 94' lang='lat' dir='ltr'>non</span> 
     </span>
     <span class='ocr_line' id='line_1_8' title="bbox 157 1547 1427 1656; baseline 0 -30"><span class='ocrx_word' id='word_1_56' title='bbox 157 1551 230 1635; x_wconf 89' lang='lat' dir='ltr'>die,</span> <span class='ocrx_word' id='word_1_57' title='bbox 255 1575 319 1624; x_wconf 90' lang='lat' dir='ltr'>non</span> <span class='ocrx_word' id='word_1_58' title='bbox 343 1553 442 1624; x_wconf 68' lang='lat' dir='ltr'>nosie</span> <span class='ocrx_word' id='word_1_59' title='bbox 466 1558 667 1642; x_wconf 79' lang='lat' dir='ltr'>conninens3</span> <span class='ocrx_word' id='word_1_60' title='bbox 693 1547 746 1624; x_wconf 94' lang='lat' dir='ltr'>sed</span> <span class='ocrx_word' id='word_1_61' title='bbox 769 1555 859 1628; x_wconf 87' lang='lat' dir='ltr'>horis</span> <span class='ocrx_word' id='word_1_62' title='bbox 883 1555 1090 1656; x_wconf 74' lang='lat' dir='ltr'>experreslus</span> <span class='ocrx_word' id='word_1_63' title='bbox 1117 1555 1268 1626; x_wconf 87' lang='lat' dir='ltr'>omnibus</span> <span class='ocrx_word' id='word_1_64' title='bbox 1282 1557 1317 1624; x_wconf 90' lang='lat' dir='ltr'>in</span> <span class='ocrx_word' id='word_1_65' title='bbox 1337 1579 1427 1655; x_wconf 87' lang='lat' dir='ltr'>quas·</span> 
     </span>
     <span class='ocr_line' id='line_1_9' title="bbox 157 1648 1430 1738; baseline 0.002 -12"><span class='ocrx_word' id='word_1_66' title='bbox 157 1659 204 1726; x_wconf 88' lang='lat' dir='ltr'>uis</span> <span class='ocrx_word' id='word_1_67' title='bbox 235 1648 413 1724; x_wconf 81' lang='lat' dir='ltr'>occasiones</span> <span class='ocrx_word' id='word_1_68' title='bbox 438 1675 494 1728; x_wconf 88' lang='lat' dir='ltr'>ant</span> <span class='ocrx_word' id='word_1_69' title='bbox 524 1649 806 1738; x_wconf 79' lang='lat' dir='ltr'>firstbsendorum‚</span> <span class='ocrx_word' id='word_1_70' title='bbox 828 1656 885 1728; x_wconf 84' lang='lat' dir='ltr'>a&#39;ut</span> <span class='ocrx_word' id='word_1_71' title='bbox 925 1650 1061 1730; x_wconf 76' lang='lat' dir='ltr'>vicill&#39;tm</span> <span class='ocrx_word' id='word_1_72' title='bbox 1090 1649 1327 1728; x_wconf 85' lang='lat' dir='ltr'>laedendorum</span> <span class='ocrx_word' id='word_1_73' title='bbox 1368 1658 1430 1728; x_wconf 90' lang='lat' dir='ltr'>ho·</span> 
     </span>
     <span class='ocr_line' id='line_1_10' title="bbox 156 1749 1428 1854; baseline 0 -27"><span class='ocrx_word' id='word_1_74' title='bbox 156 1755 266 1833; x_wconf 75' lang='lat' dir='ltr'>diurn,</span> <span class='ocrx_word' id='word_1_75' title='bbox 291 1757 347 1852; x_wconf 91' lang='lat' dir='ltr'>qni</span> <span class='ocrx_word' id='word_1_76' title='bbox 372 1779 482 1826; x_wconf 89' lang='lat' dir='ltr'>arcem</span> <span class='ocrx_word' id='word_1_77' title='bbox 508 1757 658 1828; x_wconf 90' lang='lat' dir='ltr'>tenebant</span> <span class='ocrx_word' id='word_1_78' title='bbox 690 1755 972 1840; x_wconf 90' lang='lat' dir='ltr'>Antiochensem,</span> <span class='ocrx_word' id='word_1_79' title='bbox 1012 1769 1147 1854; x_wconf 77' lang='lat' dir='ltr'>‘quos,</span> <span class='ocrx_word' id='word_1_80' title='bbox 1169 1773 1206 1829; x_wconf 88' lang='lat' dir='ltr'>vt</span> <span class='ocrx_word' id='word_1_81' title='bbox 1239 1749 1337 1838; x_wconf 81' lang='lat' dir='ltr'>dixi,</span> <span class='ocrx_word' id='word_1_82' title='bbox 1369 1751 1428 1828; x_wconf 87' lang='lat' dir='ltr'>fibi</span> 
     </span>
    </p>
   </div>
   <div class='ocr_carea' id='block_1_4' title="bbox 1448 731 1646 888">
    <p class='ocr_par' dir='ltr' id='par_1_4' title="bbox 1448 731 1646 888">
     <span class='ocr_line' id='line_1_11' title="bbox 1448 731 1646 820; baseline 0.04 -22"><span class='ocrx_word' id='word_1_83' title='bbox 1448 731 1530 820; x_wconf 81' lang='lat' dir='ltr'>[rap.</span> <span class='ocrx_word' id='word_1_84' title='bbox 1560 742 1646 806; x_wconf 74' lang='grc' dir='ltr'>Αιιῗ-</span> 
     </span>
     <span class='ocr_line' id='line_1_12' title="bbox 1453 821 1562 888; baseline 0 -8"><span class='ocrx_word' id='word_1_85' title='bbox 1453 834 1516 880; x_wconf 85' lang='lat' dir='ltr'>suo</span> <span class='ocrx_word' id='word_1_86' title='bbox 1540 821 1562 888; x_wconf 84' lang='lat' dir='ltr'>i.</span> 
     </span>
    </p>
   </div>
   <div class='ocr_carea' id='block_1_5' title="bbox 1446 905 1553 972">
    <p class='ocr_par' dir='ltr' id='par_1_5' title="bbox 1446 905 1553 972">
     <span class='ocr_line' id='line_1_13' title="bbox 1446 905 1553 972; baseline -0.047 0"><span class='ocrx_word' id='word_1_87' title='bbox 1446 905 1553 972; x_wconf 76' lang='lat' dir='ltr'>Corus.</span> 
     </span>
    </p>
   </div>
   <div class='ocr_carea' id='block_1_6' title="bbox 153 1847 1527 1956">
    <p class='ocr_par' dir='ltr' id='par_1_6' title="bbox 153 1847 1527 1956">
     <span class='ocr_line' id='line_1_14' title="bbox 153 1847 1527 1956; baseline 0.004 -31"><span class='ocrx_word' id='word_1_88' title='bbox 153 1857 279 1955; x_wconf 84' lang='lat' dir='ltr'>proprie</span> <span class='ocrx_word' id='word_1_89' title='bbox 305 1851 541 1950; x_wconf 80' lang='lat' dir='ltr'>depoposcerat</span> <span class='ocrx_word' id='word_1_90' title='bbox 565 1859 608 1930; x_wconf 64' lang='grc' dir='ltr'>θ).</span> <span class='ocrx_word' id='word_1_91' title='bbox 659 1859 730 1928; x_wconf 89' lang='lat' dir='ltr'>Nec</span> <span class='ocrx_word' id='word_1_92' title='bbox 755 1861 862 1928; x_wconf 69' lang='lat' dir='ltr'>naintn</span> <span class='ocrx_word' id='word_1_93' title='bbox 903 1858 953 1930; x_wconf 90' lang='lat' dir='ltr'>alii</span> <span class='ocrx_word' id='word_1_94' title='bbox 984 1859 1121 1928; x_wconf 84' lang='lat' dir='ltr'>comites</span> <span class='ocrx_word' id='word_1_95' title='bbox 1158 1847 1296 1956; x_wconf 86' lang='lat' dir='ltr'>spartam</span> <span class='ocrx_word' id='word_1_96' title='bbox 1334 1847 1426 1930; x_wconf 85' lang='lat' dir='ltr'>suam</span> <span class='ocrx_word' id='word_1_97' title='bbox 1524 1853 1527 1858; x_wconf 66' lang='grc'><strong>’</strong></span> 
     </span>
    </p>
   </div>
   <div class='ocr_carea' id='block_1_7' title="bbox 147 1945 1431 2664">
    <p class='ocr_par' dir='ltr' id='par_1_7' title="bbox 147 1945 1431 2664">
     <span class='ocr_line' id='line_1_15' title="bbox 155 1945 1425 2058; baseline 0.004 -32"><span class='ocrx_word' id='word_1_98' title='bbox 155 1956 326 2036; x_wconf 82' lang='lat' dir='ltr'>curabant,</span> <span class='ocrx_word' id='word_1_99' title='bbox 353 1951 528 2030; x_wconf 78' lang='lat' dir='ltr'>insistentes</span> <span class='ocrx_word' id='word_1_100' title='bbox 552 1957 803 2056; x_wconf 71' lang='lat' dir='ltr'>propugnaculis</span> <span class='ocrx_word' id='word_1_101' title='bbox 828 1957 975 2058; x_wconf 86' lang='lat' dir='ltr'>peruigili</span> <span class='ocrx_word' id='word_1_102' title='bbox 1000 1945 1168 2044; x_wconf 67' lang='lat' dir='ltr'>custodiat</span> <span class='ocrx_word' id='word_1_103' title='bbox 1193 1961 1256 2028; x_wconf 89' lang='lat' dir='ltr'>‘ne</span> <span class='ocrx_word' id='word_1_104' title='bbox 1280 1979 1344 2054; x_wconf 90' lang='lat' dir='ltr'>qna</span> <span class='ocrx_word' id='word_1_105' title='bbox 1372 1955 1425 2030; x_wconf 87' lang='lat' dir='ltr'>vel</span> 
     </span>
     <span class='ocr_line' id='line_1_16' title="bbox 152 2051 1425 2158; baseline 0 -30"><span class='ocrx_word' id='word_1_106' title='bbox 152 2056 230 2128; x_wconf 86' lang='lat' dir='ltr'>clam</span> <span class='ocrx_word' id='word_1_107' title='bbox 252 2051 401 2137; x_wconf 77' lang='lat' dir='ltr'>falleret,</span> <span class='ocrx_word' id='word_1_108' title='bbox 426 2057 477 2130; x_wconf 81' lang='lat' dir='ltr'>vel</span> <span class='ocrx_word' id='word_1_109' title='bbox 503 2057 609 2154; x_wconf 88' lang='lat' dir='ltr'>palam</span> <span class='ocrx_word' id='word_1_110' title='bbox 634 2079 858 2157; x_wconf 83' lang='lat' dir='ltr'>perrumperet</span> <span class='ocrx_word' id='word_1_111' title='bbox 882 2053 1030 2158; x_wconf 72' lang='lat' dir='ltr'>graiferio</span> <span class='ocrx_word' id='word_1_112' title='bbox 1068 2061 1205 2128; x_wconf 84' lang='lat' dir='ltr'>exterius</span> <span class='ocrx_word' id='word_1_113' title='bbox 1251 2059 1425 2130; x_wconf 86' lang='lat' dir='ltr'>imminen-</span> 
     </span>
     <span class='ocr_line' id='line_1_17' title="bbox 151 2151 1427 2256; baseline 0.001 -27"><span class='ocrx_word' id='word_1_114' title='bbox 151 2161 228 2230; x_wconf 88' lang='lat' dir='ltr'>tium</span> <span class='ocrx_word' id='word_1_115' title='bbox 251 2154 406 2228; x_wconf 85' lang='lat' dir='ltr'>hostium.</span> <span class='ocrx_word' id='word_1_116' title='bbox 457 2162 543 2246; x_wconf 88' lang='lat' dir='ltr'>Quin</span> <span class='ocrx_word' id='word_1_117' title='bbox 569 2165 666 2230; x_wconf 88' lang='lat' dir='ltr'>etiam</span> <span class='ocrx_word' id='word_1_118' title='bbox 692 2177 815 2256; x_wconf 91' lang='lat' dir='ltr'>partem</span> <span class='ocrx_word' id='word_1_119' title='bbox 848 2155 905 2232; x_wconf 85' lang='lat' dir='ltr'>fibi</span> <span class='ocrx_word' id='word_1_120' title='bbox 948 2184 1043 2230; x_wconf 88' lang='lat' dir='ltr'>curae</span> <span class='ocrx_word' id='word_1_121' title='bbox 1082 2153 1151 2228; x_wconf 86' lang='lat' dir='ltr'>talis</span> <span class='ocrx_word' id='word_1_122' title='bbox 1193 2151 1427 2230; x_wconf 79' lang='lat' dir='ltr'>Antiochenses</span> 
     </span>
     <span class='ocr_line' id='line_1_18' title="bbox 152 2251 1429 2360; baseline 0.002 -30"><span class='ocrx_word' id='word_1_123' title='bbox 152 2255 207 2358; x_wconf 84' lang='lat' dir='ltr'>ipfi</span> <span class='ocrx_word' id='word_1_124' title='bbox 232 2251 453 2354; x_wconf 89' lang='lat' dir='ltr'>deposcebant</span> <span class='ocrx_word' id='word_1_125' title='bbox 477 2263 585 2330; x_wconf 84' lang='lat' dir='ltr'>ciues:</span> <span class='ocrx_word' id='word_1_126' title='bbox 612 2285 755 2360; x_wconf 88' lang='lat' dir='ltr'>quorum</span> <span class='ocrx_word' id='word_1_127' title='bbox 780 2265 947 2360; x_wconf 83' lang='lat' dir='ltr'>nequis,</span> <span class='ocrx_word' id='word_1_128' title='bbox 980 2281 1094 2332; x_wconf 75' lang='lat' dir='ltr'>mittor</span> <span class='ocrx_word' id='word_1_129' title='bbox 1130 2253 1318 2348; x_wconf 82' lang='lat' dir='ltr'>accedens,</span> <span class='ocrx_word' id='word_1_130' title='bbox 1352 2254 1429 2332; x_wconf 92' lang='lat' dir='ltr'>inde</span> 
     </span>
     <span class='ocr_line' id='line_1_19' title="bbox 150 2355 1430 2458; baseline 0.003 -28"><span class='ocrx_word' id='word_1_131' title='bbox 150 2385 223 2432; x_wconf 90' lang='lat' dir='ltr'>cum</span> <span class='ocrx_word' id='word_1_132' title='bbox 248 2355 469 2430; x_wconf 83' lang='lat' dir='ltr'>obsidentibus</span> <span class='ocrx_word' id='word_1_133' title='bbox 495 2359 631 2436; x_wconf 90' lang='lat' dir='ltr'>barbaris</span> <span class='ocrx_word' id='word_1_134' title='bbox 657 2357 698 2432; x_wconf 88' lang='lat' dir='ltr'>de</span> <span class='ocrx_word' id='word_1_135' title='bbox 746 2359 910 2436; x_wconf 88' lang='lat' dir='ltr'>roditione</span> <span class='ocrx_word' id='word_1_136' title='bbox 942 2355 1153 2458; x_wconf 79' lang='lat' dir='ltr'>transigeret,</span> <span class='ocrx_word' id='word_1_137' title='bbox 1179 2377 1214 2432; x_wconf 89' lang='lat' dir='ltr'>vt</span> <span class='ocrx_word' id='word_1_138' title='bbox 1246 2358 1430 2458; x_wconf 85' lang='lat' dir='ltr'>periculum</span> 
     </span>
     <span class='ocr_line' id='line_1_20' title="bbox 147 2455 1431 2562; baseline -0.005 -28"><span class='ocrx_word' id='word_1_139' title='bbox 147 2483 237 2545; x_wconf 72' lang='lat' dir='ltr'>erata</span> <span class='ocrx_word' id='word_1_140' title='bbox 262 2463 308 2530; x_wconf 85' lang='lat' dir='ltr'>ita</span> <span class='ocrx_word' id='word_1_141' title='bbox 332 2456 390 2532; x_wconf 88' lang='lat' dir='ltr'>srbi</span> <span class='ocrx_word' id='word_1_142' title='bbox 417 2467 586 2559; x_wconf 84' lang='lat' dir='ltr'>negotium</span> <span class='ocrx_word' id='word_1_143' title='bbox 613 2466 705 2558; x_wconf 90' lang='lat' dir='ltr'>impo</span> <span class='ocrx_word' id='word_1_144' title='bbox 720 2483 804 2536; x_wconf 90' lang='lat' dir='ltr'>num</span> <span class='ocrx_word' id='word_1_145' title='bbox 830 2461 914 2536; x_wconf 87' lang='lat' dir='ltr'>Galli</span> <span class='ocrx_word' id='word_1_146' title='bbox 940 2455 1040 2534; x_wconf 86' lang='lat' dir='ltr'>duces</span> <span class='ocrx_word' id='word_1_147' title='bbox 1064 2455 1220 2559; x_wconf 79' lang='lat' dir='ltr'>putabant</span> <span class='ocrx_word' id='word_1_148' title='bbox 1251 2461 1319 2532; x_wconf 87' lang='lat' dir='ltr'>aeri</span> <span class='ocrx_word' id='word_1_149' title='bbox 1351 2461 1431 2562; x_wconf 86' lang='lat' dir='ltr'>vigi·</span> 
     </span>
     <span class='ocr_line' id='line_1_21' title="bbox 148 2557 732 2664; baseline 0.005 -31"><span class='ocrx_word' id='word_1_150' title='bbox 148 2561 190 2634; x_wconf 90' lang='lat' dir='ltr'>lia</span> <span class='ocrx_word' id='word_1_151' title='bbox 213 2557 374 2652; x_wconf 67' lang='lat' dir='ltr'>canens,</span> <span class='ocrx_word' id='word_1_152' title='bbox 400 2585 443 2632; x_wconf 91' lang='lat' dir='ltr'>ne</span> <span class='ocrx_word' id='word_1_153' title='bbox 468 2558 501 2632; x_wconf 91' lang='lat' dir='ltr'>id</span> <span class='ocrx_word' id='word_1_154' title='bbox 525 2561 596 2636; x_wconf 84' lang='lat' dir='ltr'>lieri</span> <span class='ocrx_word' id='word_1_155' title='bbox 620 2557 732 2664; x_wconf 80' lang='lat' dir='ltr'>posset.</span> 
     </span>
    </p>
   </div>
   <div class='ocr_carea' id='block_1_8' title="bbox 661 2745 868 2842">
    <p class='ocr_par' dir='ltr' id='par_1_8' title="bbox 661 2745 868 2842">
     <span class='ocr_line' id='line_1_22' title="bbox 661 2745 868 2842; baseline -0.043 0"><span class='ocrx_word' id='word_1_156' title='bbox 661 2769 667 2776; x_wconf 83' lang='grc'><strong><em>·</em></strong></span> <span class='ocrx_word' id='word_1_157' title='bbox 746 2745 777 2842; x_wconf 87' lang='lat' dir='ltr'>i·</span> <span class='ocrx_word' id='word_1_158' title='bbox 803 2765 868 2837; x_wconf 69' lang='lat' dir='ltr'>saa</span> 
     </span>
    </p>
   </div>
   <div class='ocr_carea' id='block_1_9' title="bbox 259 2905 1447 3025">
    <p class='ocr_par' dir='ltr' id='par_1_9' title="bbox 259 2905 1447 3025">
     <span class='ocr_line' id='line_1_23' title="bbox 259 2905 1447 3025; baseline -0.001 -27"><span class='ocrx_word' id='word_1_159' title='bbox 259 2923 338 2998; x_wconf 87' lang='lat' dir='ltr'>Tali</span> <span class='ocrx_word' id='word_1_160' title='bbox 363 2922 440 2996; x_wconf 87' lang='lat' dir='ltr'>loco</span> <span class='ocrx_word' id='word_1_161' title='bbox 463 2947 516 2994; x_wconf 87' lang='lat' dir='ltr'>res</span> <span class='ocrx_word' id='word_1_162' title='bbox 539 2943 630 2998; x_wconf 88' lang='lat' dir='ltr'>erant</span> <span class='ocrx_word' id='word_1_163' title='bbox 655 2923 742 3025; x_wconf 85' lang='lat' dir='ltr'>apud</span> <span class='ocrx_word' id='word_1_164' title='bbox 767 2915 998 3000; x_wconf 73' lang='lat' dir='ltr'>Antiochiam:</span> <span class='ocrx_word' id='word_1_165' title='bbox 1026 2917 1158 3024; x_wconf 87' lang='lat' dir='ltr'>quando</span> <span class='ocrx_word' id='word_1_166' title='bbox 1177 2905 1447 3024; x_wconf 72' lang='lat' dir='ltr'>imperatorius·¹</span> 
     </span>
    </p>
   </div>
   <div class='ocr_carea' id='block_1_10' title="bbox 139 3021 1435 4237">
    <p class='ocr_par' dir='ltr' id='par_1_10' title="bbox 139 3021 1435 4136">
     <span class='ocr_line' id='line_1_24' title="bbox 154 3021 1431 3126; baseline 0 -28"><span class='ocrx_word' id='word_1_167' title='bbox 154 3051 225 3126; x_wconf 87' lang='lat' dir='ltr'>gno</span> <span class='ocrx_word' id='word_1_168' title='bbox 252 3021 411 3096; x_wconf 84' lang='lat' dir='ltr'>interdum</span> <span class='ocrx_word' id='word_1_169' title='bbox 435 3025 608 3123; x_wconf 76' lang='lat' dir='ltr'>agitabatur</span> <span class='ocrx_word' id='word_1_170' title='bbox 633 3031 757 3126; x_wconf 88' lang='lat' dir='ltr'>impetu</span> <span class='ocrx_word' id='word_1_171' title='bbox 784 3053 825 3100; x_wconf 87' lang='lat' dir='ltr'>eo</span> <span class='ocrx_word' id='word_1_172' title='bbox 854 3053 929 3098; x_wconf 89' lang='lat' dir='ltr'>cum</span> <span class='ocrx_word' id='word_1_173' title='bbox 957 3023 1041 3096; x_wconf 87' lang='lat' dir='ltr'>iustis</span> <span class='ocrx_word' id='word_1_174' title='bbox 1066 3029 1169 3124; x_wconf 87' lang='lat' dir='ltr'>copiis</span> <span class='ocrx_word' id='word_1_175' title='bbox 1184 3025 1293 3126; x_wconf 16' lang='lat' dir='ltr'>*ettndi</span> <span class='ocrx_word' id='word_1_176' title='bbox 1318 3035 1352 3100; x_wconf 89' lang='lat' dir='ltr'>in</span> <span class='ocrx_word' id='word_1_177' title='bbox 1376 3051 1431 3098; x_wconf 89' lang='lat' dir='ltr'>au·</span> 
     </span>
     <span class='ocr_line' id='line_1_25' title="bbox 139 3125 1430 3229; baseline 0 -29"><span class='ocrx_word' id='word_1_178' title='bbox 139 3126 274 3200; x_wconf 79' lang='lat' dir='ltr'>¹atilium</span> <span class='ocrx_word' id='word_1_179' title='bbox 300 3125 475 3198; x_wconf 86' lang='lat' dir='ltr'>Gallonnn.</span> <span class='ocrx_word' id='word_1_180' title='bbox 528 3131 652 3199; x_wconf 88' lang='lat' dir='ltr'>Verum</span> <span class='ocrx_word' id='word_1_181' title='bbox 680 3150 856 3229; x_wconf 78' lang='lat' dir='ltr'>utcumque</span> <span class='ocrx_word' id='word_1_182' title='bbox 881 3131 1066 3222; x_wconf 84' lang='lat' dir='ltr'>cupientem</span> <span class='ocrx_word' id='word_1_183' title='bbox 1091 3125 1236 3200; x_wconf 83' lang='lat' dir='ltr'>cohibuit</span> <span class='ocrx_word' id='word_1_184' title='bbox 1249 3133 1430 3204; x_wconf 83' lang='lat' dir='ltr'>maritimae</span> 
     </span>
     <span class='ocr_line' id='line_1_26' title="bbox 153 3223 1429 3326; baseline 0.001 -27"><span class='ocrx_word' id='word_1_185' title='bbox 153 3233 200 3300; x_wconf 92' lang='lat' dir='ltr'>rei</span> <span class='ocrx_word' id='word_1_186' title='bbox 226 3225 416 3326; x_wconf 86' lang='lat' dir='ltr'>profligatus</span> <span class='ocrx_word' id='word_1_187' title='bbox 440 3224 534 3298; x_wconf 83' lang='lat' dir='ltr'>stante</span> <span class='ocrx_word' id='word_1_188' title='bbox 560 3248 591 3298; x_wconf 87' lang='lat' dir='ltr'>et</span> <span class='ocrx_word' id='word_1_189' title='bbox 616 3223 786 3303; x_wconf 84' lang='lat' dir='ltr'>insularum</span> <span class='ocrx_word' id='word_1_190' title='bbox 823 3231 1121 3324; x_wconf 84' lang='lat' dir='ltr'>maritimarumque</span> <span class='ocrx_word' id='word_1_191' title='bbox 1161 3250 1292 3302; x_wconf 90' lang='lat' dir='ltr'>orarum</span> <span class='ocrx_word' id='word_1_192' title='bbox 1331 3249 1429 3326; x_wconf 85' lang='lat' dir='ltr'>atque</span> 
     </span>
     <span class='ocr_line' id='line_1_27' title="bbox 152 3321 1433 3424; baseline -0.001 -22"><span class='ocrx_word' id='word_1_193' title='bbox 152 3330 282 3402; x_wconf 78' lang='lat' dir='ltr'>urbium</span> <span class='ocrx_word' id='word_1_194' title='bbox 307 3321 482 3399; x_wconf 85' lang='lat' dir='ltr'>miserrima</span> <span class='ocrx_word' id='word_1_195' title='bbox 507 3327 659 3413; x_wconf 81' lang='lat' dir='ltr'>sallario,</span> <span class='ocrx_word' id='word_1_196' title='bbox 686 3353 741 3402; x_wconf 87' lang='lat' dir='ltr'>ant</span> <span class='ocrx_word' id='word_1_197' title='bbox 765 3328 936 3401; x_wconf 76' lang='lat' dir='ltr'>dessroclio</span> <span class='ocrx_word' id='word_1_198' title='bbox 962 3347 1068 3424; x_wconf 86' lang='lat' dir='ltr'>potus</span> <span class='ocrx_word' id='word_1_199' title='bbox 1095 3345 1127 3400; x_wconf 90' lang='lat' dir='ltr'>et</span> <span class='ocrx_word' id='word_1_200' title='bbox 1151 3323 1304 3402; x_wconf 87' lang='lat' dir='ltr'>desolatio</span> <span class='ocrx_word' id='word_1_201' title='bbox 1330 3349 1433 3402; x_wconf 82' lang='lat' dir='ltr'>extre·</span> 
     </span>
     <span class='ocr_line' id='line_1_28' title="bbox 154 3423 1432 3528; baseline 0.001 -27"><span class='ocrx_word' id='word_1_202' title='bbox 154 3457 215 3501; x_wconf 85' lang='lat' dir='ltr'>ma.</span> <span class='ocrx_word' id='word_1_203' title='bbox 265 3432 434 3502; x_wconf 90' lang='lat' dir='ltr'>Nimirum</span> <span class='ocrx_word' id='word_1_204' title='bbox 459 3429 634 3521; x_wconf 86' lang='lat' dir='ltr'>Smyrnam</span> <span class='ocrx_word' id='word_1_205' title='bbox 665 3433 832 3508; x_wconf 79' lang='lat' dir='ltr'>Tzacher,</span> <span class='ocrx_word' id='word_1_206' title='bbox 857 3449 891 3502; x_wconf 85' lang='lat' dir='ltr'>vt</span> <span class='ocrx_word' id='word_1_207' title='bbox 915 3423 1034 3500; x_wconf 86' lang='lat' dir='ltr'>sortem</span> <span class='ocrx_word' id='word_1_208' title='bbox 1062 3445 1094 3498; x_wconf 87' lang='lat' dir='ltr'>et</span> <span class='ocrx_word' id='word_1_209' title='bbox 1120 3427 1331 3502; x_wconf 75' lang='lat' dir='ltr'>haedinum</span> <span class='ocrx_word' id='word_1_210' title='bbox 1356 3453 1432 3528; x_wconf 78' lang='lat' dir='ltr'>pro·</span> 
     </span>
     <span class='ocr_line' id='line_1_29' title="bbox 154 3524 1434 3630; baseline 0 -30"><span class='ocrx_word' id='word_1_211' title='bbox 154 3535 254 3630; x_wconf 84' lang='lat' dir='ltr'>priam</span> <span class='ocrx_word' id='word_1_212' title='bbox 284 3531 419 3602; x_wconf 82' lang='lat' dir='ltr'>tenebat.</span> <span class='ocrx_word' id='word_1_213' title='bbox 469 3526 609 3630; x_wconf 83' lang='lat' dir='ltr'>Qtidam</span> <span class='ocrx_word' id='word_1_214' title='bbox 633 3529 710 3602; x_wconf 87' lang='lat' dir='ltr'>alins</span> <span class='ocrx_word' id='word_1_215' title='bbox 740 3535 988 3630; x_wconf 75' lang='lat' dir='ltr'>Tungriptrmts</span> <span class='ocrx_word' id='word_1_216' title='bbox 1011 3527 1043 3597; x_wconf 77' lang='lat' dir='ltr'>tl</span> <span class='ocrx_word' id='word_1_217' title='bbox 1067 3524 1170 3600; x_wconf 78' lang='lat' dir='ltr'>didius</span> <span class='ocrx_word' id='word_1_218' title='bbox 1195 3531 1307 3602; x_wconf 88' lang='lat' dir='ltr'>vrbem</span> <span class='ocrx_word' id='word_1_219' title='bbox 1334 3554 1434 3628; x_wconf 88' lang='lat' dir='ltr'>quan·</span> 
     </span>
     <span class='ocr_line' id='line_1_30' title="bbox 155 3625 1433 3730; baseline 0.002 -30"><span class='ocrx_word' id='word_1_220' title='bbox 155 3639 228 3703; x_wconf 88' lang='lat' dir='ltr'>dam</span> <span class='ocrx_word' id='word_1_221' title='bbox 254 3628 504 3728; x_wconf 76' lang='lat' dir='ltr'>Ephesiorum,</span> <span class='ocrx_word' id='word_1_222' title='bbox 528 3655 634 3730; x_wconf 90' lang='lat' dir='ltr'>prope</span> <span class='ocrx_word' id='word_1_223' title='bbox 661 3659 749 3704; x_wconf 79' lang='lat' dir='ltr'>snare</span> <span class='ocrx_word' id='word_1_224' title='bbox 774 3629 888 3716; x_wconf 73' lang='lat' dir='ltr'>sitan,</span> <span class='ocrx_word' id='word_1_225' title='bbox 914 3634 947 3702; x_wconf 90' lang='lat' dir='ltr'>in</span> <span class='ocrx_word' id='word_1_226' title='bbox 972 3653 1035 3726; x_wconf 89' lang='lat' dir='ltr'>qua</span> <span class='ocrx_word' id='word_1_227' title='bbox 1051 3625 1132 3700; x_wconf 91' lang='lat' dir='ltr'>olim</span> <span class='ocrx_word' id='word_1_228' title='bbox 1143 3629 1341 3704; x_wconf 73' lang='lat' dir='ltr'>exslrnslum</span> <span class='ocrx_word' id='word_1_229' title='bbox 1350 3651 1433 3722; x_wconf 71' lang='lat' dir='ltr'>pent·</span> 
     </span>
     <span class='ocr_line' id='line_1_31' title="bbox 153 3725 1432 3832; baseline -0.002 -28"><span class='ocrx_word' id='word_1_230' title='bbox 153 3731 244 3830; x_wconf 89' lang='lat' dir='ltr'>plum</span> <span class='ocrx_word' id='word_1_231' title='bbox 272 3729 318 3803; x_wconf 86' lang='lat' dir='ltr'>eil</span> <span class='ocrx_word' id='word_1_232' title='bbox 342 3735 377 3802; x_wconf 90' lang='lat' dir='ltr'>in</span> <span class='ocrx_word' id='word_1_233' title='bbox 402 3735 537 3804; x_wconf 87' lang='lat' dir='ltr'>nomine</span> <span class='ocrx_word' id='word_1_234' title='bbox 563 3735 594 3804; x_wconf 89' lang='lat' dir='ltr'>S.</span> <span class='ocrx_word' id='word_1_235' title='bbox 619 3735 747 3806; x_wconf 81' lang='lat' dir='ltr'>loarntis</span> <span class='ocrx_word' id='word_1_236' title='bbox 779 3729 926 3830; x_wconf 84' lang='lat' dir='ltr'>Apostoli</span> <span class='ocrx_word' id='word_1_237' title='bbox 969 3725 1149 3827; x_wconf 86' lang='lat' dir='ltr'>Theologi.</span> <span class='ocrx_word' id='word_1_238' title='bbox 1201 3729 1298 3832; x_wconf 50' lang='lat' dir='ltr'>‘Alii</span> <span class='ocrx_word' id='word_1_239' title='bbox 1312 3727 1432 3805; x_wconf 77' lang='lat' dir='ltr'>similae</span> 
     </span>
     <span class='ocr_line' id='line_1_32' title="bbox 152 3825 1434 3931; baseline -0.003 -25"><span class='ocrx_word' id='word_1_240' title='bbox 152 3831 323 3906; x_wconf 88' lang='lat' dir='ltr'>latrunculi</span> <span class='ocrx_word' id='word_1_241' title='bbox 349 3833 423 3904; x_wconf 88' lang='lat' dir='ltr'>alias</span> <span class='ocrx_word' id='word_1_242' title='bbox 448 3835 641 3929; x_wconf 88' lang='lat' dir='ltr'>opportunis</span> <span class='ocrx_word' id='word_1_243' title='bbox 663 3834 742 3906; x_wconf 89' lang='lat' dir='ltr'>locis</span> <span class='ocrx_word' id='word_1_244' title='bbox 769 3860 854 3906; x_wconf 88' lang='lat' dir='ltr'>arces</span> <span class='ocrx_word' id='word_1_245' title='bbox 889 3825 1085 3911; x_wconf 86' lang='lat' dir='ltr'>inuaserant,</span> <span class='ocrx_word' id='word_1_246' title='bbox 1115 3827 1342 3931; x_wconf 80' lang='lat' dir='ltr'>praesidiisque</span> <span class='ocrx_word' id='word_1_247' title='bbox 1377 3857 1434 3902; x_wconf 91' lang='lat' dir='ltr'>oc·</span> 
     </span>
     <span class='ocr_line' id='line_1_33' title="bbox 153 3929 1435 4033; baseline 0.001 -29"><span class='ocrx_word' id='word_1_248' title='bbox 153 3933 338 4031; x_wconf 74' lang='lat' dir='ltr'>crepabant:</span> <span class='ocrx_word' id='word_1_249' title='bbox 363 3959 383 4005; x_wconf 91' lang='lat' dir='ltr'>e</span> <span class='ocrx_word' id='word_1_250' title='bbox 409 3932 521 4030; x_wconf 88' lang='lat' dir='ltr'>quibus</span> <span class='ocrx_word' id='word_1_251' title='bbox 547 3955 775 4033; x_wconf 84' lang='lat' dir='ltr'>erumpentes,</span> <span class='ocrx_word' id='word_1_252' title='bbox 800 3929 913 4006; x_wconf 85' lang='lat' dir='ltr'>infesta</span> <span class='ocrx_word' id='word_1_253' title='bbox 935 3931 997 4004; x_wconf 88' lang='lat' dir='ltr'>late</span> <span class='ocrx_word' id='word_1_254' title='bbox 1008 3929 1313 4021; x_wconf 69' lang='lat' dir='ltr'>habebatnomnias</span> <span class='ocrx_word' id='word_1_255' title='bbox 1339 3934 1435 4005; x_wconf 79' lang='lat' dir='ltr'>Chri·</span> 
     </span>
     <span class='ocr_line' id='line_1_34' title="bbox 152 4029 1433 4136; baseline -0.005 -26"><span class='ocrx_word' id='word_1_256' title='bbox 152 4033 253 4110; x_wconf 84' lang='lat' dir='ltr'>llianie</span> <span class='ocrx_word' id='word_1_257' title='bbox 266 4089 282 4118; x_wconf 86' lang='grc'><strong><em>,</em></strong></span> <span class='ocrx_word' id='word_1_258' title='bbox 307 4060 390 4136; x_wconf 89' lang='lat' dir='ltr'>quos</span> <span class='ocrx_word' id='word_1_259' title='bbox 415 4057 539 4132; x_wconf 89' lang='lat' dir='ltr'>magno</span> <span class='ocrx_word' id='word_1_260' title='bbox 566 4037 766 4135; x_wconf 88' lang='lat' dir='ltr'>captinahant</span> <span class='ocrx_word' id='word_1_261' title='bbox 801 4057 964 4118; x_wconf 80' lang='lat' dir='ltr'>numero,</span> <span class='ocrx_word' id='word_1_262' title='bbox 1001 4035 1036 4102; x_wconf 87' lang='lat' dir='ltr'>itt</span> <span class='ocrx_word' id='word_1_263' title='bbox 1061 4029 1241 4106; x_wconf 80' lang='lat' dir='ltr'>vilissimam</span> <span class='ocrx_word' id='word_1_264' title='bbox 1281 4051 1313 4106; x_wconf 87' lang='lat' dir='ltr'>et</span> <span class='ocrx_word' id='word_1_265' title='bbox 1344 4029 1433 4104; x_wconf 77' lang='lat' dir='ltr'>aeu-</span> 
     </span>
    </p>

    <p class='ocr_par' dir='ltr' id='par_1_11' title="bbox 716 4129 1433 4237">
     <span class='ocr_line' id='line_1_35' title="bbox 716 4129 1433 4237; baseline -0.01 -25"><span class='ocrx_word' id='word_1_266' title='bbox 716 4141 842 4237; x_wconf 73' lang='lat' dir='ltr'>oga</span> <span class='ocrx_word' id='word_1_267' title='bbox 1059 4175 1066 4184; x_wconf 95' lang='lat'>·</span> <span class='ocrx_word' id='word_1_268' title='bbox 1297 4129 1433 4206; x_wconf 87' lang='lat' dir='ltr'>tnnosts·</span> 
     </span>
    </p>
   </div>
   <div class='ocr_carea' id='block_1_11' title="bbox 189 4321 1433 4506">
    <p class='ocr_par' dir='ltr' id='par_1_12' title="bbox 189 4321 1433 4506">
     <span class='ocr_line' id='line_1_36' title="bbox 192 4321 1433 4416; baseline -0.01 -16"><span class='ocrx_word' id='word_1_269' title='bbox 192 4335 240 4415; x_wconf 91' lang='lat' dir='ltr'>o)</span> <span class='ocrx_word' id='word_1_270' title='bbox 265 4333 358 4398; x_wconf 81' lang='lat' dir='ltr'>Addit</span> <span class='ocrx_word' id='word_1_271' title='bbox 378 4332 446 4394; x_wconf 83' lang='lat' dir='ltr'>haec</span> <span class='ocrx_word' id='word_1_272' title='bbox 464 4337 618 4416; x_wconf 80' lang='lat' dir='ltr'>interpres.</span> <span class='ocrx_word' id='word_1_273' title='bbox 821 4335 894 4392; x_wconf 69' lang='lat' dir='ltr'>uros</span> <span class='ocrx_word' id='word_1_274' title='bbox 917 4323 1020 4391; x_wconf 66' lang='lat' dir='ltr'>draeo</span> <span class='ocrx_word' id='word_1_275' title='bbox 1045 4351 1083 4387; x_wconf 74' lang='lat' dir='ltr'>re</span> <span class='ocrx_word' id='word_1_276' title='bbox 1108 4351 1205 4402; x_wconf 68' lang='lat' dir='ltr'>sexes</span> <span class='ocrx_word' id='word_1_277' title='bbox 1230 4329 1343 4405; x_wconf 65' lang='lat' dir='ltr'>petrola!</span> <span class='ocrx_word' id='word_1_278' title='bbox 1364 4321 1433 4388; x_wconf 59' lang='grc' dir='ltr'>καθ’</span> 
     </span>
     <span class='ocr_line' id='line_1_37' title="bbox 189 4412 1432 4506; baseline -0.003 -28"><span class='ocrx_word' id='word_1_279' title='bbox 189 4423 241 4506; x_wconf 70' lang='grc' dir='ltr'>ρ)</span> <span class='ocrx_word' id='word_1_280' title='bbox 270 4443 314 4496; x_wconf 69' lang='grc' dir='ltr'>μη</span> <span class='ocrx_word' id='word_1_281' title='bbox 350 4441 404 4477; x_wconf 72' lang='lat' dir='ltr'>ees</span> <span class='ocrx_word' id='word_1_282' title='bbox 439 4413 464 4477; x_wconf 79' lang='lat' dir='ltr'>s‘e</span> <span class='ocrx_word' id='word_1_283' title='bbox 501 4427 638 4496; x_wconf 67' lang='lat' dir='ltr'>ssepsseprr</span> <span class='ocrx_word' id='word_1_284' title='bbox 671 4417 770 4489; x_wconf 60' lang='lat' dir='ltr'>isaias</span> <span class='ocrx_word' id='word_1_285' title='bbox 822 4415 906 4478; x_wconf 79' lang='lat' dir='ltr'>inens</span> <span class='ocrx_word' id='word_1_286' title='bbox 930 4412 1070 4492; x_wconf 63' lang='lat' dir='ltr'>sperneres</span> <span class='ocrx_word' id='word_1_287' title='bbox 1102 4437 1159 4500; x_wconf 72' lang='lat' dir='ltr'>roas</span> <span class='ocrx_word' id='word_1_288' title='bbox 1189 4423 1337 4496; x_wconf 73' lang='grc' dir='ltr'><strong><em>βαρβαρσις</em></strong></span> <span class='ocrx_word' id='word_1_289' title='bbox 1370 4435 1432 4494; x_wconf 76' lang='grc' dir='ltr'>πμ·</span> 
     </span>
    </p>
   </div>
   <div class='ocr_carea' id='block_1_12' title="bbox 155 4492 1296 4678">
    <p class='ocr_par' dir='ltr' id='par_1_13' title="bbox 155 4492 1296 4678">
     <span class='ocr_line' id='line_1_38' title="bbox 155 4492 1296 4582; baseline -0.002 -15"><span class='ocrx_word' id='word_1_290' title='bbox 155 4533 251 4570; x_wconf 77' lang='lat' dir='ltr'>mres</span> <span class='ocrx_word' id='word_1_291' title='bbox 274 4505 322 4566; x_wconf 78' lang='lat' dir='ltr'>dm</span> <span class='ocrx_word' id='word_1_292' title='bbox 345 4513 493 4578; x_wconf 66' lang='lat' dir='ltr'>aArpemr</span> <span class='ocrx_word' id='word_1_293' title='bbox 519 4501 685 4565; x_wconf 65' lang='lat' dir='ltr'>riseAherras</span> <span class='ocrx_word' id='word_1_294' title='bbox 720 4529 769 4574; x_wconf 74' lang='lat' dir='ltr'>rste</span> <span class='ocrx_word' id='word_1_295' title='bbox 821 4504 910 4566; x_wconf 75' lang='lat' dir='ltr'>dorsus</span> <span class='ocrx_word' id='word_1_296' title='bbox 932 4525 993 4582; x_wconf 73' lang='lat' dir='ltr'>serpe</span> <span class='ocrx_word' id='word_1_297' title='bbox 1020 4492 1103 4578; x_wconf 72' lang='lat' dir='ltr'>rapodo</span> <span class='ocrx_word' id='word_1_298' title='bbox 1131 4523 1180 4567; x_wconf 76' lang='lat' dir='ltr'>rar</span> <span class='ocrx_word' id='word_1_299' title='bbox 1206 4512 1296 4565; x_wconf 79' lang='grc' dir='ltr'>πολιν.</span> 
     </span>
     <span class='ocr_line' id='line_1_39' title="bbox 155 4593 1255 4678; baseline -0.011 -23"><span class='ocrx_word' id='word_1_300' title='bbox 155 4602 239 4655; x_wconf 71' lang='grc' dir='ltr'>πολιν</span> <span class='ocrx_word' id='word_1_301' title='bbox 264 4614 445 4674; x_wconf 60' lang='lat' dir='ltr'>arax-rer.</span> <span class='ocrx_word' id='word_1_302' title='bbox 470 4615 512 4668; x_wconf 67' lang='lat' dir='ltr'>pest</span> <span class='ocrx_word' id='word_1_303' title='bbox 539 4595 621 4668; x_wconf 64' lang='lat' dir='ltr'>Antip</span> <span class='ocrx_word' id='word_1_304' title='bbox 646 4615 689 4652; x_wconf 80' lang='grc' dir='ltr'>τις</span> <span class='ocrx_word' id='word_1_305' title='bbox 716 4615 770 4653; x_wconf 80' lang='lat' dir='ltr'>ras</span> <span class='ocrx_word' id='word_1_306' title='bbox 863 4601 908 4678; x_wconf 76' lang='lat' dir='ltr'>q)</span> <span class='ocrx_word' id='word_1_307' title='bbox 933 4593 1162 4668; x_wconf 63' lang='lat' dir='ltr'>Tnyyptrrsppans.</span> <span class='ocrx_word' id='word_1_308' title='bbox 1251 4601 1255 4610; x_wconf 93' lang='grc'><em>·</em></span> 
     </span>
    </p>
   </div>
   <div class='ocr_carea' id='block_1_13' title="bbox 0 0 2028 5742">
    <p class='ocr_par' dir='ltr' id='par_1_14' title="bbox 0 0 2028 5742">
     <span class='ocr_line' id='line_1_40' title="bbox 0 0 2028 5742; baseline 0 2"><span class='ocrx_word' id='word_1_309' title='bbox 0 0 2028 5742; x_wconf 95' lang='lat' dir='ltr'> </span> 
     </span>
    </p>
   </div>
  </div>
 </body>
</html>
