4132 5742
619 605 981 762 peruncta
1338 706 1342 714 ,
1431 647 1456 722 ²

149 832 366 916 oemfionun
396 807 622 926 praebuerunt.
653 825 953 930 primoquidem,
980 843 1016 902 vt
1039 825 1274 904 Romanorum
1306 825 1365 906 libi
1390 829 1455 932 pa.

148 961 257 1017 rarent
287 935 496 1010 amicitiam,
520 948 552 1002 et
579 927 667 1002 serici
693 928 733 1004 ad
758 955 814 1006 eor
839 925 1047 1003 transferrent
1077 935 1315 1006 commercium
1336 962 1347 1024 3
1405 961 1452 1009 ar·
1556 989 1562 999 .

148 1051 210 1118 tim
237 1061 306 1123 vt,
335 1063 379 1108 ne
403 1035 544 1108 Rotnani
568 1051 702 1134 gentem
729 1041 912 1106 Auarorutn
938 1025 1116 1130 profugam
1140 1033 1223 1104 intra
1254 1031 1335 1108 fines
1375 960 1453 1112 lton

147 1149 366 1244 reciperent,
391 1155 549 1236 rogarent.
603 1135 668 1208 Hic
691 1138 816 1236 primur
841 1135 1034 1206 Tuscorum
1061 1129 1101 1204 ad
1127 1133 1297 1208 Romanos
1322 1131 1449 1220 aditus,

147 1251 224 1322 hoc
249 1237 428 1316 foederum
452 1231 514 1308 fuit
539 1239 689 1308 initium:
717 1263 799 1335 quae
823 1228 968 1334 sequenti
1002 1231 1106 1306 llatim
1146 1259 1235 1310 anno
1266 1237 1325 1310 alia
1362 1238 1393 1312 le
1418 1267 1448 1313 a·

154 1353 252 1423 tione
275 1348 378 1444 magis
404 1335 619 1419 confirmata,
643 1355 679 1410 vt
704 1339 811 1412 Turci
838 1340 956 1436 paritet
980 1361 1018 1407 ao
1045 1337 1190 1410 Romani
1213 1341 1330 1416 maiori
1362 1267 1447 1418 filu.

155 1451 204 1523 cia
228 1432 353 1520 bellum
378 1433 531 1529 aduersus
554 1434 659 1514 Persas
683 1456 855 1542 pararent,
883 1431 1070 1510 effecerunt.
1383 1445 1387 1458 '

246 1625 332 1704 <sed
358 1630 441 1701 haec
466 1645 537 1700 non
561 1623 742 1700 admodum
769 1623 917 1696 diumrna
941 1617 1004 1694 fuit
1035 1621 1230 1698 Tuscorum
1261 1641 1293 1696 et
1325 1625 1467 1706 Roma·-

149 1741 275 1814 norum
302 1733 457 1802 amicitia.
506 1728 596 1802 Nam
622 1737 713 1802 cuns
724 1729 877 1800 Tiberius
891 1719 1018 1799 ‹Caesar
1042 1743 1131 1798 anno
1160 1729 1287 1825 imperii
1319 1721 1365 1800 sui
1401 1727 1447 1810 se·

149 1836 262 1912 cundo
289 1829 337 1906 ad
365 1852 636 1914 rvnxnruvn,
664 1833 860 1904 Tuscorum
901 1829 1105 1926 principem,
1130 1825 1253 1928 legatos
1279 1825 1447 1916 mifitset,

180 1945 205 2014 'i
233 1930 266 2010 se
296 1928 526 2032 [Tiberium]
550 1929 591 2003 ad
625 1925 765 2006 Caesaris
805 1925 996 2029 dignitatem
1036 1929 1190 2002 euecium
1231 1935 1447 2016 nunciarent,

149 1967 286 2118 liedera
317 2033 513 2110 Dizabulum
541 2039 623 2104 inter
649 2053 681 2106 et
708 2031 862 2105 lulliuutn
888 2031 996 2104 iuncla
1023 2029 1282 2122 confirmarent,
1310 2037 1464 2109 etTut··

149 2169 207 2219 cos
231 2137 274 2212 ad
304 2136 427 2210 bellum
454 2157 567 2209 contra
604 2129 709 2207 Persas
746 2129 982 2232 suscipiendum
1024 2125 1254 2209 sollicitarent:
1294 2133 1443 2210 barbarus

150 2269 231 2328 eos,
259 2241 308 2315 ob
336 2243 459 2312 Auaron
484 2260 554 2308 non
581 2231 637 2306 diu
662 2253 736 2307 ante
761 2261 779 2305 a
803 2237 962 2318 Romanis
987 2226 1148 2332 susceptos
1163 2239 1207 2306 ira
1219 2227 1357 2318 ardens,
1383 2237 1443 2313 du.

146 2343 415 2430 timuerunt,
450 2357 483 2410 et
509 2341 686 2410 exercitum
712 2331 816 2418 adeo,
843 2337 1000 2408 Bochano
1026 2352 1058 2405 et
1083 2340 1232 2436 Anagai'o
1269 2331 1403 2413 ducibut
1429 2387 1464 2422 ‚.

146 2445 192 2523 ad
215 2447 338 2523 orbern
364 2425 553 2542 Bosporum
577 2434 684 2533 milit,
716 2442 771 2539 qui
796 2463 869 2512 eant
895 2455 1024 2538 captam
1051 2431 1228 2513 diruerunt.
1326 2479 1327 2484 =

253 2625 371 2706 tersa,-
401 2631 485 2702 clr'ca
509 2625 600 2700 idem
637 2647 766 2730 tempus
800 2628 980 2702 tributarios
1006 2625 1187 2704 habuerunt
1219 2629 1354 2716 Turci,
1380 2623 1466 2708 doc·

145 2736 274 2809 neceb
304 2732 439 2806 illorum
462 2753 540 2830 rege
564 2729 746 2804 Hormisda
771 2734 923 2805 Mauricii
951 2733 1034 2827 Aug.
1069 2749 1170 2804 aetate
1206 2731 1291 2806 bello
1325 2736 1402 2807 vit‘li
1427 2777 1461 2814 ,-

145 2835 205 2936 ipli
231 2833 355 2908 iisdem
382 2833 536 2921 tributum
562 2831 707 2930 pendere
733 2852 938 2932 cogerentur.
965 2855 1033 2928 quo
1060 2849 1210 2932 tempore
1237 2861 1293 2908 eor
1318 2839 1439 2910 ial'et.

143 2937 255 3012 sarum
283 2935 478 3009 exercitibus
503 2929 647 3006 militaffe
678 2933 827 3033 legimur.
877 2927 1006 3007 Eodem
1039 2949 1150 3006 tamen
1186 2939 1343 3011 Romanis
1378 2937 1461 3012 im·-

119 3049 283 3142 'perante
310 3040 499 3115 Mauricio,
524 3033 631 3132 plutea
662 3035 876 3110 fitutitnatum
902 3037 1049 3135 gentium
1082 3041 1168 3108 circa
1200 3061 1228 3108 a
1259 3042 1298 3112 C.
1311 3027 1316 3038 '
1330 3060 1399 3129 597.
1426 3089 1461 3122 ,.

142 3166 233 3232 quae
261 3159 360 3212 antea
384 3141 394 3207 i
419 3133 458 3208 sta
482 3155 672 3233 patuerant,
697 3135 752 3210 sed
776 3143 893 3238 iugum
905 3128 1069 3212 excuffille
1081 3133 1257 3222 videntur,
1281 3134 1461 3236 (tarsus)-

140 3241 200 3318 lub
226 3237 328 3314 suam
413 3255 547 3337 egerunt
571 3237 774 3337 potestatem.
827 3241 1023 3340 chaganus,
1050 3244 1106 3340 qui
1138 3259 1217 3313 tunc
1255 3245 1345 3343 genti
1360 3253 1363 3258 “
1376 3247 1461 3316 im·-

143 3345 304 3445 pembat,
333 3345 468 3414 Turum
500 3337 688 3436 quendam,
727 3339 783 3416 libi
807 3346 1006 3440 cognatione
1034 3344 1218 3427 iunclunt,
1250 3369 1300 3416 tea
1331 3369 1438 3418 nouae

141 3449 334 3529 molitum,
359 3447 394 3514 in
420 3441 542 3541 praelio
567 3441 708 3516 occidit:
734 3464 767 3516 et
791 3443 885 3516 rebus
908 3447 976 3516 ltoc
1007 3442 1116 3520 modo
1156 3449 1283 3542 optime
1321 3446 1461 3519 consti·-

141 3553 240 3632 rotie,
267 3571 350 3618 cunt
379 3537 636 3644 Tangasenstbus
661 3539 779 3618 foedus
805 3543 981 3644 perculsu,
1007 3567 1040 3620 et
1063 3541 1104 3618 ad
1138 3549 1338 3623 Macrinum
1374 3549 1460 3624 ho·-

140 3674 219 3753 nun
243 3651 405 3724 omniurn
429 3641 564 3720 feliciter
588 3645 755 3748 gellonem
781 3651 919 3722 nuncios
944 3644 1078 3748 legatos:
1093 3643 1189 3722 milit.

245 3834 328 3910 Poll
351 3833 387 3908 id
413 3853 521 3908 aurem
548 3851 677 3934 tempus
702 3832 742 3908 ad
770 3859 894 3911 annum
920 3837 958 3910 C.
984 3827 1083 3938 usque
1108 3847 1179 3927 728.
1205 3829 1310 3913 uullua
1329 3831 1457 3912 esen-'-

140 3937 290 4038 peoribus
318 3940 503 4032 Byzantinis
528 3939 721 4010 'lurcorum
759 3941 919 4014 meminit.
947 3941 1062 4012 ¹Circa
1091 3965 1119 4013 a.
1145 3943 1184 4014 C.
1212 3963 1274 4031 729
1314 3959 1347 4014 et
1370 3963 1436 4028 731.

123 4030 366 4129 ‘Matilmam
389 4043 626 4114 Saracenorum
648 4043 858 4138 principem,
884 4065 943 4138 per
968 4035 1096 4140 Caspias
1122 4045 1232 4114 Portas
1254 4045 1436 4118 irruentem
1492 4077 1502 4100 ³

141 4143 285 4216 Turcon
306 4149 341 4238 in
368 4159 450 4214 terra
474 4137 528 4214 sua
554 4140 638 4214 bello
663 4137 807 4240 petiffe3
833 4135 888 4214 sed
912 4162 1003 4216 metu
1043 4162 1231 4242 correptum
1269 4141 1394 4236 rediise
1420 4163 1446 4231 ς·

143 4261 171 4316 ι
194 4249 233 4318 C.
259 4247 334 4334 763.
364 4262 396 4316 et
421 4247 498 4332 764.
523 4245 658 4316 Turcot
684 4269 744 4340 per
769 4239 900 4316 easdem
926 4247 965 4335 io
1002 4244 1140 4318 lberiatn
1176 4262 1209 4320 et
1240 4250 1435 4324 Armeniam

142 4341 313 4444 irrupilse',
340 4363 374 4418 et
399 4359 516 4418 terram
541 4341 603 4418 late
626 4341 757 4418 vassall'e
780 4345 927 4444 legimus.
977 4352 1018 4420 A.
1045 4350 1084 4420 C.
1102 4360 1172 4429 803.
1184 4341 1331 4420 Bardanii
1344 4349 1434 4420 Tur-

141 4445 329 4520 cirebellio
356 4441 519 4534 refertur}
544 4473 573 4518 a.
601 4449 640 4518 C.
666 4461 739 4540 987.
764 4449 871 4546 Turci
901 4447 943 4521 ab
980 4449 1121 4520 Inarcho
1153 4440 1243 4520 Persa
1277 4442 1433 4522 sollicitati

140 4570 189 4622 ree
212 4551 459 4628 Saracenorum
484 4541 673 4626 couculltlle
696 4569 934 4628 memorantur.
986 4553 1029 4630 Et
1054 4541 1318 4634 haecseresuut,
1334 4574 1457 4658 ⁴quae¹

1390 4643 1459 4725 de·
