4048 5742
565 646 628 733 ης
1010 623 1440 708 rvncrcouvu

1054 857 1082 904 a.
1106 835 1147 907 C.
1172 847 1388 920 uqa-1105.

454 947 467 974 ’
568 971 627 1044 bur
654 967 754 1064 copiis
780 957 821 1032 ad
845 963 1006 1056 Smyrnae
1030 963 1163 1038 metam
1188 959 1327 1057 residit,
1352 953 1511 1034 terrestres
1538 949 1648 1030 secum
1674 953 1849 1062 αορίαεαδς

567 1063 675 1144 uersus
700 1066 978 1163 Tangripermetn
1004 1061 1039 1126 d)
1063 1083 1096 1138 et
1119 1065 1277 1136 Marcam
1302 1067 1333 1131 es
1355 1057 1502 1162 Ephesiis
1532 1057 1716 1145 incubantes
1754 1064 1847 1161 rapit.

572 1175 695 1245 ‘Hunc
720 1159 894 1262 conspicati
918 1161 1035 1263 procul
1058 1161 1125 1236 duo
1151 1162 1198 1234 issi
1224 1157 1363 1262 satrapae
1379 1163 1441 1244 J),
1467 1157 1632 1262 prodeunt
1656 1157 1760 1233 stetim
1777 1167 1846 1236 acia

464 1263 468 1271 ’
566 1269 737 1348 indenda,
763 1290 975 1366 pugnamque
998 1269 1112 1336 loanni
1137 1259 1276 1337 afferunt
1299 1270 1335 1338 in
1354 1255 1716 1364 planitiearci‘subiedsa.
1742 1265 1842 1336 ‘Cum

566 1377 667 1450 t‘satua
692 1390 866 1466 parumper
892 1371 1025 1448 Duces,
1052 1391 1134 1440 mox
1160 1387 1270 1438 tamen
1294 1367 1323 1433 e)
1351 1369 1483 1466 agmine
1507 1357 1629 1462 etipse
1664 1387 1762 1460 quam
1787 1389 1844 1464 pe·

564 1470 709 1550 ritiffitne
732 1467 908 1551 instando,
931 1469 1072 1567 impigre
1096 1473 1130 1540 in
1155 1491 1211 1542 eas
1237 1485 1359 1540 mouet.
1406 1469 1607 1540 Dimicatum
1638 1469 1788 1538 atrociter
1810 1485 1842 1540 et

565 1575 620 1650 diu
635 1629 647 1660 ,
662 1574 801 1668 'vigente
827 1573 860 1640 in
885 1575 1064 1642 maximam
1090 1566 1153 1640 diei
1176 1587 1303 1666 partem
1327 1569 1489 1668 atrimque
1513 1568 1697 1638 certamine.
1746 1569 1841 1640 Tan·

567 1675 644 1752 dem
669 1671 742 1770 poss
765 1672 904 1766 longum
931 1669 1152 1769 aequilibrium
1180 1667 1294 1740 dubiae
1318 1663 1470 1744 sommae
1494 1670 1600 1740 Turci
1624 1671 1720 1766 tergis
1752 1693 1844 1765 prae-

565 1781 635 1854 bitis
661 1771 757 1871 psane
780 1767 867 1852 fusi,
892 1765 1025 1870 ‘fugam
1051 1789 1217 1844 ementem
1241 1789 1274 1841 et
1298 1765 1445 1842 insessam
1471 1764 1705 1868 insequentibus
1728 1767 1845 1842 uossria

566 1903 648 1953 nece
675 1899 713 1944 ac
737 1867 885 1944 seruitute
912 1872 1091 1945 multorum
1119 1899 1138 1945 e
1164 1863 1223 1942 suis
1248 1869 1389 1943 habuere
1402 1867 1443 1944 bs.
1470 1873 1555 1942 soter
1568 1871 1734 1966 captiuos,
1761 1893 1843 1968 quo-

565 2004 639 2054 rum
665 1969 828 2047 uniuersus
854 1971 892 2042 ad
921 1970 989 2044 duo
1014 1973 1113 2045 missia
1138 1995 1292 2042 numerus
1322 1967 1490 2053 ascendit,
1522 1967 1667 2070 plerique
1699 1963 1840 2068 satrapae

565 2079 704 2182 reperti:
730 2069 771 2148 de
797 2073 910 2178 quibus
936 2068 1095 2148 consustue
1121 2077 1319 2174 imperator,
1343 2067 1448 2176 spargi
1473 2093 1530 2146 eoa
1547 2095 1606 2176 per
1623 2065 1840 2192 insusaaiofftn

717 2340 718 2344 ,
1134 2277 1261 2373 §.196.

663 2391 797 2468 Residui
822 2393 927 2466 Tucci
951 2421 1011 2494 per
1034 2391 1250 2470 Maeandrum
1277 2421 1409 2468 amnem
1434 2385 1573 2490 profecti
1604 2392 1806 2489 Polybotum
1832 2445 1845 2478 ,

565 2489 634 2572 satis
660 2495 724 2568 issic
749 2491 858 2568 secure
885 2499 1111 2578 morabantur,
1138 2494 1389 2596 haudquaquam
1414 2491 1657 2578 existimantes,
1683 2503 1844 2568 ioannem

566 2623 607 2670 eo
633 2601 858 2698 cogitaturum.
904 2599 1029 2670 Verum
1055 2601 1136 2670 haec
1160 2621 1217 2671 eos
1267 2595 1378 2671 uidem
1404 2591 1522 2690 fiducia
1546 2571 1668 2668 sesessit.
1693 2603 1725 2684 Isx
1749 2602 1840 2670 enim

566 2695 679 2772 relicto
705 2703 843 2778 Peneo,
869 2700 924 2794 qui
950 2701 1017 2772 vrbi
1044 2694 1225 2798 Ephefinae
1244 2625 1338 2770 ducis
1364 2703 1431 2770 iure
1456 2699 1656 2794 nomineque
1668 2693 1841 2796 praeesset,

567 2803 709 2875 exercitu
736 2793 872 2870 assumto
898 2791 1008 2872 secum
1033 2806 1149 2883 omui,
1173 2823 1245 2870 non
1269 2799 1476 2873 tumultuario
1501 2823 1539 2869 ac
1572 2795 1689 2895 cupide
1710 2851 1721 2881 ,
1749 2795 1802 2870 sed
1829 2850 1841 2882 ,

549 2919 603 2978 -ot
629 2893 935 2998 experientissimum
976 2897 1108 2972 decebat
1144 2897 1294 2983 ducem.
1331 2899 1528 3000 pedetentim
1573 2895 1782 3000 ordinateque
1808 2903 1844 2971 in

565 2999 604 3073 T
606 3025 701 3076 orcos
724 3003 853 3086 monita
872 2997 1036 3075 mandatis
1059 3005 1258 3104 monitisque
1281 3003 1483 3106 imperatoris
1515 2997 1568 3074 tasi
1600 3005 1750 3074 cautione
1786 2997 1843 3073 ad·

568 3097 675 3174 uersos
699 3129 775 3176 eam
799 3119 933 3201 gentem
958 3094 1078 3176 bessum
1102 3129 1228 3204 gereon

489 3165 543 3238 141

672 3265 929 3351 Praecesserant,
955 3287 990 3339 vt
1021 3265 1190 3350 diximus,
1227 3269 1334 3338 Torci
1365 3263 1583 3360 ‘Polybotom
1610 3263 1653 3338 s).
1703 3270 1840 3342 Horum

563 3363 628 3436 islic
652 3371 895 3464 properantium
920 3365 997 3440 vessi
1022 3373 1050 3437 ia
1082 3393 1230 3467 premere
1261 3373 1311 3442 via
1344 3367 1459 3440 eadem
1497 3365 1516 3439 s
1551 3363 1661 3442 uendo
1701 3373 1838 3442 Ioannes

562 3465 690 3556 nosuit3
718 3462 771 3540 sed
799 3395 1072 3565 compendiosiori
1098 3469 1156 3540 asia
1182 3489 1252 3541 tuto
1278 3471 1446 3551 iuuet‘sua,
1471 3395 1584 3542 sassa
1598 3470 1743 3542 obiceret
1756 3467 1842 3542 Phis-

563 3563 747 3666 adesphiam
774 3574 967 3666 occupauit,
993 3593 1129 3670 quarum
1155 3567 1334 3648 custodiam
1360 3571 1513 3643 Michaesi
1537 3575 1747 3659 Cecaunaeno
1772 3593 1841 3642 cre·

565 3665 654 3744 didit.
702 3671 792 3742 Hinc
815 3667 1007 3742 Laodiceam
1033 3697 1108 3742 eum
1136 3667 1326 3754 accessisset,
1352 3671 1466 3744 obuios
1500 3667 1600 3745 effuso
1626 3668 1755 3744 accursu
1796 3677 1839 3742 ci-

563 3783 618 3842 oea
644 3795 760 3844 omnes
785 3770 918 3858 habuit,
944 3769 976 3846 se
998 3764 1117 3874 sataque
1141 3775 1283 3846 alacriter
1306 3769 1479 3845 dedentes:
1505 3775 1542 3846 iis
1566 3773 1619 3847 isse
1651 3777 1838 3846 humaniter

1422 3897 1423 3902 ’
1745 3901 1836 3948 acce·

570 4057 574 4064 .
605 4067 629 4130 d
639 4075 653 4168 )Ι
676 4069 772 4132 Huius
797 4067 881 4155 supra
904 4071 1175 4158 ps.193,fafflest
1263 4071 1311 4152 Ιι)
1334 4089 1483 4146 aeetomq
1506 4069 1534 4130 da
1562 4093 1717 4140 certauere
1730 4085 1834 4136 πολοι.

564 4171 687 4219 menno.

604 4237 648 4316 e>
671 4263 709 4300 n
733 4245 865 4318 Μψκη,
1267 4261 1321 4328 ⁴4¹·
1343 4257 1448 4305 uuun
1468 4258 1579 4308 cotun.
1604 4265 1631 4327 p.
1656 4262 1722 4317 aaa.

629 4331 648 4402 )
673 4349 758 4390 aecor
788 4329 957 4404 &aucupem
982 4323 1007 4388 οἳ
1036 4335 1174 4407 βαρβαροι

563 4404 619 4472 aee‘s'
644 4405 734 4474 oseem
758 4403 871 4490 hpaabt.
1267 4413 1300 4486 ἰ)
1321 4406 1365 4472 dee
1386 4439 1420 4474 eu
1444 4411 1590 4494 Massaba
1613 4438 1660 4490 naq
1692 4441 1746 4478 aar
1779 4440 1832 4474 uat-

596 4498 646 4576 g)
672 4496 739 4562 s'd'a
764 4501 839 4574 Δινξ
861 4497 1037 4578 pandentem
1052 4522 1082 4558 τι
1095 4505 1171 4573 puh.
1218 4520 1381 4578 panepenna
1421 4495 1497 4577 deep
1537 4510 1641 4561 πολεων
1673 4495 1832 4566 ihoannes

558 4589 655 4652 λησης.
881 4599 884 4606 ’
1126 4630 1131 4640 .
1220 4595 1462 4664 mechumae·
1488 4615 1522 4652 το
1544 4593 1714 4667 Habebam.
1825 4645 1829 4652 ,
