4066 5738
617 562 820 668 carun
844 579 965 664 xxm
1367 605 1434 690 4„

1321 744 1324 750 .
1444 687 1526 774 Imp.
1556 703 1621 752 aer.

703 804 733 856 a
755 765 797 858 C.
822 785 910 870 130⁶.
1439 788 1605 924 simma·

156 935 319 1055 mollidlu
343 962 421 1010 cnm
442 935 562 1057 nolle,
587 937 753 1018 fortunam
775 943 859 1020 belli.
910 950 960 1020 ne
982 946 1143 1046 principio
1173 943 1329 1045 quidem.
1358 953 1429 1053 pla·
1472 903 1479 924 ν

156 1059 621 1214 mirratum
637 1044 730 1218 tt.
745 1041 1012 1222 eretur·
1047 1041 1338 1224 mituli
1362 1075 1430 1202 “t
1535 1163 1540 1174 ·

165 1165 289 1337 :Lasos
315 1237 427 1322 idem,
443 1190 541 1340 'quod
566 1169 742 1320 vomiores
765 1241 891 1337 solent,
917 1171 1045 1348 quibuap
1067 1243 1228 1322 emersisse
1265 1179 1431 1332 semelmel

158 1347 278 1414 iterum
304 1365 325 1410 e
349 1343 477 1440 gurgite
499 1338 574 1415 sacit
598 1349 724 1420 animm
749 1343 791 1418 ad
815 1351 941 1424 tertiam
965 1345 1186 1432 tentandam,
1210 1352 1246 1422 in
1279 1377 1343 1454 qua
1373 1353 1429 1430 de·
1586 1348 1590 1357 ¹

159 1465 256 1514 mtun
281 1461 435 1540 pereant,
460 1441 706 1521 immersionem
725 1443 772 1520 sl.
811 1509 815 1516 .
1378 1451 1381 1456 ¹

742 1655 775 1754 §-
799 1665 874 1750 438.

233 1853 235 1858 .
270 1779 441 1860 Obfidebat
471 1790 583 1884 ingena
622 1798 777 1864 numerio
801 1779 967 1860 Persarum
990 1781 1143 1860 inclusam
1156 1789 1336 1862 Cenchmia
1345 1783 1429 1862 mul·

161 1879 333 1956 titudinem
359 1885 457 1982 plebis
481 1889 615 1984 inopia,
640 1911 744 1984 quae,
770 1911 816 1986 po
842 1885 1031 1962 idationibne
1060 1885 1203 1960 hollinm
1237 1917 1257 1964 e
1287 1890 1428 1980 regioni·

163 1981 220 2053 but
246 1989 329 2060 circa
354 1983 586 2062 Scamandrum
611 1989 722 2060 coacta
747 2013 789 2062 eo
815 1913 950 2086 ligere,
973 2007 1122 2062 extremo
1155 2007 1225 2060 tum
1259 1993 1293 2058 io
1324 1979 1429 2060 discti-

159 2085 274 2168 mine,
300 2093 435 2177 exterior
461 2086 545 2160 illato
571 2087 708 2186 egebant
732 2085 861 2160 auxilio.
909 2085 945 2160 ld
970 2085 1066 2162 simut
1091 2083 1326 2162 Choerobosco
1350 2111 1429 2160 cum

159 2177 221 2258 suia
247 2183 294 2257 est
320 2192 510 2286 cognitum,
535 2185 609 2262 illuc
633 2183 807 2270 aduolant,
832 2205 865 2260 et
889 2185 1066 2286 improuiso
1091 2191 1270 2278 irruenter,
1296 2191 1355 2262 viri
1368 2185 1430 2260 elle

165 2281 223 2356 vili
250 2279 339 2362 sunt,
363 2283 439 2360 susse
464 2292 573 2386 ptimo
600 2283 724 2360 incursu
751 2307 783 2359 et
810 2283 926 2388 fugatis
963 2288 1107 2362 hollibue
1129 2317 1141 2378 3
1167 2285 1254 2362 vnde
1293 2291 1430 2387 contigit

159 2377 313 2482 respirare
337 2383 492 2488 paulisper
516 2383 660 2460 obsess'oa
712 2391 836 2460 Verum
855 2385 952 2484 paulo
977 2388 1050 2488 poll
1083 2391 1267 2488 congregati
1303 2391 1428 2460 maiore

158 2510 301 2559 numero
326 2483 459 2578 Persae,
483 2513 545 2560 vna
572 2483 667 2558 simul
693 2510 810 2559 omnes
837 2489 960 2584 impetu
1003 2483 1280 2561 Cheroboscianoe
1319 2485 1425 2560 adori-

10 2595 12 2606 '
158 2605 284 2670 untur,
309 2603 342 2660 et
364 2575 509 2662 immissis
533 2594 565 2662 vi
581 2583 706 2660 summa
732 2587 886 2687 equitibus
911 2585 1112 2684 inpediret,
1138 2583 1221 2686 ipsos
1236 2589 1426 2662 internecio·

160 2711 204 2759 ne
230 2685 365 2768 delent,
391 2694 715 2786 circumuentumque
744 2683 887 2786 undique
921 2683 1191 2762 Choeroboscum
1229 2682 1387 2760 occidunt
1412 2714 1428 2778 3

159 2811 232 2860 non
257 2807 367 2860 tamen
391 2789 493 2862 llatim
518 2815 556 2862 ac
582 2805 754 2890 ceperunt
768 2783 969 2886 aliquamdiu
989 2791 1080 2862 enim
1109 2787 1254 2862 habimm
1291 2790 1330 2860 in
1359 2787 1429 2862 vin·

160 2886 239 2960 culis
265 2881 476 2988 permiserunt
499 2913 593 2963 orare
616 2879 778 2970 obsessor,
803 2907 838 2961 vt
861 2887 983 2982 lytrum
1013 2913 1076 2988 pro
1110 2883 1142 2961 se
1170 2881 1360 2970 sumerent,
1385 2903 1430 2958 ta·

162 3007 275 3062 aarum
301 3015 320 3059 a
350 2987 450 3064 Persae
484 2987 609 3064 summa
646 3013 861 3068 nummorum
886 2993 1148 3088 quingentorum.
1198 2985 1313 3062 Adeo
1344 2989 1430 3061 Cen·

163 3085 368 3162 ehreeusibue
393 3115 463 3164 non
486 3111 617 3192 promte
650 3089 917 3172 occurrentibus,
950 3108 982 3159 et
1017 3086 1179 3261 oepligere
1219 3084 1450 3166 occasionem

159 3185 234 3262 vifis
260 3187 467 3266 redimendae
492 3211 542 3266 tot
565 3195 709 3264 nummio
733 3193 825 3263 onius
848 3193 996 3261 annuae:
1018 3193 1108 3288 ipe,
1134 3191 1204 3260 cuia
1222 3191 1365 3262 maxime
1378 3189 1427 3259 in·

161 3308 298 3374 tererat,
323 3285 364 3360 ad
390 3316 446 3366 eor
473 3285 721 3366 Choeroboscue
746 3285 917 3363 mecedem
941 3283 997 3360 sub
1021 3315 1182 3370 murum,
1207 3287 1317 3390 lingua
1354 3283 1427 3360 Bul·

165 3393 292 3488 garico,
316 3394 404 3464 cuius
428 3417 545 3490 gnaros
571 3385 633 3465 effe
658 3395 741 3462 inrue
766 3385 880 3463 sciebat
911 3385 1072 3488 aliquot(
1116 3413 1225 3460 caecae
1257 3384 1349 3462 vsun'a
1383 3383 1427 3460 de

166 3487 315 3561 industria
339 3493 468 3574 uitauit,
494 3493 608 3566 nolens
633 3489 730 3563 intelli
755 3493 764 3557 i
789 3517 808 3564 a
842 3487 976 3571 multia,
1003 3495 1058 3590 qui
1091 3415 1123 3563 le
1149 3487 1428 3570 circumstabant,

164 3591 261 3661 huius
285 3595 411 3688 peritis,
439 3617 521 3692 quae
546 3593 697 3682 dicebat)
721 3513 784 3678 dte
813 3593 1041 3690 pronunciauit
1076 3615 1141 3671 ea,
1181 3613 1265 3689 quae
1295 3586 1427 3688 putabat

162 3689 295 3762 valitura
317 3687 506 3765 inducendis
528 3692 564 3764 iis
590 3692 630 3764 ad
656 3685 797 3763 llrmtum
821 3686 874 3762 sua
900 3683 990 3762 caufi
1013 3685 1198 3762 faciendum
1221 3701 1242 3758 8
1252 3689 1271 3762 ).
1320 3693 1358 3762 ln
1376 3688 1426 3758 hie

185 3789 367 3890 raecipuam
393 3794 528 3866 habebat
559 3798 650 3875 vim,
691 3787 782 3889 quod
808 3789 1037 3889 pollicebatur,
1063 3783 1118 3872 sc,
1144 3789 1247 3862 slatim
1271 3813 1310 3860 ao
1339 3782 1427 3860 soret

148 3815 332 3972 iteratus,
356 3891 480 3994 insigne
505 3889 636 3994 aliquod
659 3885 781 3962 facimus
806 3896 840 3964 in
866 3887 1024 3963 damnum
1057 3885 1219 3963 l'erl'arum
1252 3883 1425 3961 editurum.

163 3993 282 4066 ‘Erant
307 4017 325 4064 e
350 3992 552 4076 cullodibue,
578 3983 847 4068 Choeroboscum
874 3984 1335 4090 submotos-producentibus,
1359 3988 1430 4086 qui·
1557 4009 1560 4016 ·

690 4081 904 4194 ¹1³,ppa
1192 4141 1197 4152 ·
1352 4083 1430 4161 dam

196 4313 245 4397 s)
268 4337 300 4374 re
322 4275 370 4372 'ra
401 4315 578 4388 Κολυμβητκ
618 4335 771 4396 efflorere·
861 4309 913 4392 g)
934 4303 959 4370 lt
984 4305 1214 4386 ὃσκαημιλιν,
1241 4307 1332 4366 laetor
1355 4291 1428 4368 nsti-

161 4393 184 4474 ql
209 4395 283 4470 dare
306 4391 321 4456 ὅ
346 4421 415 4459 areos
438 4395 486 4464 iva
509 4404 569 4480 Ιχ·
590 4423 628 4464 rra
653 4423 702 4468 rar
725 4421 775 4462 ra·
821 4413 909 4478 repar
932 4404 1159 4476 quaeq-em
1182 4397 1255 4456 tvm
1275 4388 1429 4472 decarpere·

163 4507 263 4564 enpme
289 4483 426 4561 Ιχιγγνκ.
