4018 5734
562 625 635 718 446
877 683 881 691 .
987 602 1426 704 „TVRCICQRVMJ

320 731 425 814 “Imp·
453 742 517 790 AN·
602 749 610 762 ·

341 827 503 879 DRONICO

340 901 378 975 Β·
480 987 483 994 ,

1078 799 1126 894 Δο.
1153 821 1304 910 01302

623 1063 629 1074 ,
667 996 696 1064 Is
721 985 831 1064 Melea
854 987 936 1084 patri
961 981 1018 1056 diu
1040 979 1144 1056 socius·
1167 984 1259 1086 longi
1284 1009 1343 1082 per
1370 979 1514 1056 boreales
1545 981 1662 1057 traslus
1692 977 1841 1069 erroris}

566 1091 737 1193 postquam
763 1089 815 1160 ille
843 1112 884 1158 ex
910 1089 1005 1158 Aeno
1029 1109 1102 1157 arce
1128 1085 1207 1158 liber
1231 1079 1360 1160 emiffiu
1387 1079 1454 1165 est,
1479 1101 1579 1180 prout
1601 1080 1743 1182 superius
1766 1103 1861 1152 nar·v

569 1199 734 1281 ruimus,
762 1215 802 1260 eo
829 1183 967 1284 denique
992 1207 1149 1266 monuo,
1184 1191 1296 1259 traiicit
1322 1189 1512 1267 Euxinum,
1545 1203 1578 1256 et
1602 1185 1845 1276 Thymaenau

566 1287 736 1391 appulsus.
762 1286 837 1362 inde
861 1285 976 1384 procul
1000 1289 1238 1359 Tocharorum
1261 1289 1429 1386 principe,
1455 1309 1554 1384 quern
1579 1289 1590 1358 i
1613 1281 1639 1356 si
1663 1287 1843 1358 Kaninvo·

566 1413 664 1476 eant‚
687 1391 793 1480 (huic
817 1409 894 1460 tunc
919 1393 1089 1486 propr-ium
1113 1384 1175 1459 suit
1205 1385 1361 1486 Argoura
1390 1383 1552 1479 nomen)
1598 1387 1670 1458 ouis
1704 1379 1844 1455 delinito

565 1499 663 1565 acin
688 1487 907 1564 litifauorem
932 1491 1058 1570 anuo,
1085 1513 1126 1558 err
1151 1511 1191 1558 eo
1218 1505 1367 1584 tempore
1390 1484 1470 1557 locis
1506 1484 1590 1564 illia,
1618 1504 1653 1559 vt
1685 1502 1842 1582 paternae

565 1589 757 1672 hereditati,
782 1587 964 1660 dominatus
989 1587 1055 1680 οὓς
1086 1583 1277 1687 subiecitque
1302 1583 1359 1659 fibi
1383 1591 1438 1684 qui
1462 1587 1645 1660 eminebant
1669 1583 1733 1658 illic
1756 1589 1845 1656 inter

565 1685 692 1770 Persas,
720 1717 801 1790 qtros
826 1689 869 1761 illi
895 1691 1038 1788 Satrapes
1065 1685 1233 1786 appellant.
1284 1692 1334 1761 Ac
1357 1684 1401 1757 illi
1432 1683 1568 1788 quidem
1604 1683 1748 1762 volentes
1778 1707 1844 1756 no·

566 1794 666 1867 lentes
693 1791 965 1888 mancipabantur.
1015 1791 1166 1860 Ammius
1194 1806 1323 1875 autem,
1351 1786 1452 1862 Halis¹
1470 1809 1561 1886 pater
1585 1813 1661 1862 cum
1687 1808 1842 1886 preceac

567 1889 728 1993 promissis
753 1887 905 1962 ambiisset
930 1891 1134 1966 Tomaros,
1168 1907 1200 1960 et
1229 1886 1373 1961 validum
1403 1913 1445 1961 ex
1475 1893 1512 1959 iis
1545 1907 1744 1962 armatorum
1782 1909 1845 1986 ag·

567 2019 646 2068 men
672 1986 877 2074 assumsisset,
902 2001 976 2062 toto
1004 1995 1127 2088 impetu
1159 1983 1202 2060 ad
1234 1984 1453 2062 obsislendmn
1487 1991 1619 2064 Meleco
1657 1987 1842 2076 incubuit3

569 2095 717 2193 adeoque
742 2091 872 2191 proeliis
896 2117 972 2162 cum
998 2116 1039 2162 eo
1066 2083 1275 2186 congressus,
1299 2094 1369 2162 u'on
1394 2084 1492 2163 semel
1515 2091 1607 2168 illurn
1628 2085 1712 2164 ludit
1744 2083 1843 2188 fuga·

569 2201 700 2295 uirque«,
728 2219 835 2292 eoque
859 2188 983 2290 redegit
1008 2184 1235 2288 desperationis
1260 2207 1369 2262 rerum
1392 2185 1544 2277 suarum,
1576 2210 1613 2268 vt
1650 2187 1845 2266 decerneret

520 2383 526 2394 ,
570 2323 644 2372 vna·
659 2321 736 2368 curn
760 2299 865 2368 vxo're
888 2319 929 2364 ac
950 2291 1052 2362 liberis
1077 2277 1210 2388 supplex
1235 2285 1276 2360 ad
1300 2297 1530 2388 imperatorem
1564 2289 1756 2392 coningere
1786 2293 1843 2364 Eo

465 2407 469 2414 '
575 2393 712 2472 oonsilio
737 2390 902 2492 professus
927 2391 1119 2464 Heracleam
1143 2393 1238 2462 Ponti
1264 2407 1297 2462 et
1322 2389 1402 2465 inde
1424 2391 1744 2492 Constantinopolim
1754 2391 1846 2488 lpro·

572 2493 713 2599 gressus,
742 2501 897 2592 quoniam
921 2497 986 2564 iam
1011 2511 1087 2564 ante
1110 2497 1285 2590 imperator
1308 2484 1340 2564 se
1366 2494 1604 2588 Nymphaeum
1631 2489 1844 2575 transtulerat,

573 2601 628 2674 vbi
653 2593 683 2668 se
708 2591 817 2668 dielius
843 2595 964 2693 aliquot
990 2619 1009 2662 e
1034 2597 1103 2664 viae
1128 2587 1314 2690 fatigatione
1340 2590 1527 2685 refecisset,
1556 2620 1661 2670 uxore
1691 2605 1727 2672 in
1761 2593 1846 2668 vrbe

571 2699 706 2780 raum,
728 2693 794 2795 ipse
819 2689 936 2768 ducem
963 2697 1080 2770 itineris
1105 2693 1143 2762 ab
1167 2696 1363 2788 imperatore
1395 2689 1524 2766 missum
1555 2693 1689 2796 sequens
1721 2697 1843 2789 (nan

574 2797 684 2873 audito
711 2793 870 2896 Auguslus
896 2800 961 2868 eius
987 2791 1151 2875 aduentu,
1178 2819 1254 2864 euru
1268 2789 1574 2892 adseinuitauerat)
1599 2797 1858 2896 Nymphaeus.

572 2895 676 2978 versus
704 2906 762 2972 iter
786 2895 930 2968 intendit.
977 2892 1041 2968 Sed
1066 2920 1143 2966 curn
1176 2917 1282 2991 prope
1314 2891 1544 2990 Adramytium
1582 2897 1696 2971 eundo
1731 2921 1848 2995 perne·

574 2997 689 3080 nisset,
714 2995 781 3070 siue
807 2996 932 3090 ulterior
959 2993 1154 3074 admonitu,
1179 2991 1246 3064 siue
1278 2989 1455 3092 suspicione
1488 3003 1647 3094 propria,
1681 3017 1844 3098 concepta

574 3099 793 3198 desperatione
819 3093 962 3196 prosperi
987 3091 1141 3168 successus
1167 3091 1251 3164 illius
1276 3087 1348 3166 suae
1373 3093 1582 3195 professionis
1594 3095 1634 3170 ad
1647 3097 1848 3197 Augustum,

575 3197 770 3300 aliquamdiu
798 3195 1002 3270 deliberando
1028 3196 1184 3276 ludlaurs,
1211 3191 1375 3268 damnauit
1404 3197 1545 3296 denique
1577 3197 1777 3282 confilium,
1810 3215 1848 3272 et

480 3389 486 3396 ,
578 3321 696 3398 coepto
724 3295 866 3370 ablislere
891 3298 1060 3369 couslituit.
1112 3299 1314 3393 Captatuque
1338 3322 1420 3370 mox
1445 3299 1616 3396 ternpore,
1640 3301 1847 3400 palamque·

576 3402 668 3488 llus,
695 3393 851 3472 obseruari
876 3393 938 3470 sese
964 3393 1115 3470 curiosius
1138 3389 1429 3497 suspiciosiusquea
1446 3396 1625 3476 deductore
1638 3400 1678 3473 ad
1691 3397 1847 3487 seruilio,

575 3507 674 3594 (erat
696 3505 720 3570 is
736 3501 933 3594 ‚Abrampax
960 3499 1258 3594 prothieracarius)
1282 3522 1379 3594 quam
1407 3500 1553 3574 beneuoli
1580 3507 1706 3576 comitis
1738 3499 1847 3576 offici.

581 3629 639 3676 eru
664 3595 835 3701 posceret3
859 3597 934 3672 inde
957 3600 1059 3671 noslu
1085 3591 1229 3697 aufugit:
1254 3622 1462 3678 nontamen
1484 3605 1636 3678 noc‘lurtu
1648 3599 1844 3678 insidiatoris

1773 3721 1842 3778 ΠΜ

581 3903 688 3981 Persa,
712 3899 764 3985 qui
788 3917 856 3964 tuuc
874 3901 1063 3980 Amogabaris
1080 3891 1189 3961 milita·
1235 3878 1292 3958 ¹155
1299 3948 1308 3977 ‚
1330 3921 1366 3968 ac
1387 3909 1487 3972 voleus
1511 3902 1707 3985 humanatam¹
1730 3907 1849 3973 carisa·

579 3993 647 4073 bat,
671 3989 723 4052 fibi
737 3989 765 4046 iu
781 3989 1187 4068 matrimoniumtariperiit,
1235 3990 1294 4042 tem
1319 3990 1351 4051 iu
1374 4011 1424 4054 res
1447 3989 1568 4074 nostras
1589 3991 1761 4057 educatione
1773 4011 1847 4060 corr·

581 4077 628 4149 se,
653 4075 904 4156 fiidimperraret‚
921 4075 957 4136 ad
979 4077 1184 4156 imperatorem
1233 4071 1362 4160 traxiffe
1384 4073 1465 4158 osseas
1486 4077 1550 4160 est,
1581 4081 1646 4140 cias
1677 4075 1763 4142 haud
1784 4075 1844 4159 dis.

500 4233 511 4240 ,
580 4163 763 4226 transiturum
791 4159 960 4243 pollicitus]
980 4155 1185 4225 educataliac
1228 4171 1364 4240 parem,
1388 4181 1479 4243 qaam
1503 4158 1616 4243 ceassiu
1639 4165 1728 4243 origo
1747 4163 1844 4235 elaf-

581 4251 613 4314 ἐκ
628 4247 700 4326 salu
724 4249 944 4326 multicomis,
958 4243 1037 4309 vassu
1053 4245 1106 4330 ipfl
1124 4247 1185 4308 lar·
1224 4237 1327 4320 fessas
1349 4267 1364 4309 e
1371 4247 1468 4332 stirpe
1494 4249 1616 4316 inolitas
1629 4251 1713 4313 uotis
1724 4249 1843 4314 umbus

482 4334 487 4346 '
576 4353 617 4417 gr
631 4333 670 4396 ab
680 4335 863 4416 imperatore
868 4329 1072 4416 suppeditato.
1090 4327 1188 4414 Quem.
1234 4344 1311 4410 erga
1347 4337 1487 4414 patriam
1526 4333 1681 4418 supirans.
1724 4331 1842 4416 reliqua

579 4417 675 4502 ipsam
706 4419 884 4482 lamudam
913 4429 942 4482 et
976 4417 1186 4503 Constantinus
1224 4415 1267 4476 ad
1292 4413 1428 4480 isaacium
1451 4413 1594 4484 Melecunr
1619 4423 1739 4508 eiusque
1768 4441 1845 4486 eon-

577 4507 695 4579 Melec‚
720 4503 867 4568 Azetiuss
894 4503 1031 4570 Sullanis
1053 4505 1133 4566 atter
1146 4501 1186 4576 fi·
1231 4501 1344 4582 ingiurn
1374 4503 1530 4592 pertineat.

570 4593 651 4670 lius,
675 4599 706 4655 et
728 4589 786 4674 ipse
805 4587 925 4657 relisi'us
954 4583 1039 4689 apud
1064 4587 1182 4657 Roma·
