4048 5742
590 603 793 686 CAPVT
818 607 902 685 Xlll.
1277 659 1283 670 ·
1343 635 1397 704 217

1405 719 1486 800 Imp.
1524 723 1604 776 nnn·

540 794 546 809 ’
645 833 673 881 2,
699 811 740 884 c⁸
766 814 861 902 1096.
1411 817 1473 862 xro
1495 801 1517 860 1.

133 945 198 1016 titia
221 934 408 1042 perspedla,
433 931 516 1009 duos
542 933 702 1036 quosdam
728 931 835 1013 vafros
860 929 1002 1010 submisit
1026 934 1177 1010 homines
1203 940 1238 1010 in
1254 939 1338 1012 Petri
1351 885 1515 1012 omem

135 1043 216 1124 llu,
239 1045 292 1139 qui
317 1031 431 1136 pall‘rrn
458 1061 517 1136 per
543 1043 722 1110 exercinrm
748 1035 892 1120 serrem,
918 1041 1130 1112 Normannos
1155 1033 1270 1139 cepill‘e
1288 1043 1403 1112 Nicae-

137 1169 209 1223 am,
231 1144 265 1212 in
287 1163 387 1237 enque
410 1135 588 1234 diripienda
612 1135 749 1220 versari,
784 1143 838 1212 vix
874 1163 964 1236 paret
1001 1133 1208 1236 exportandis
1237 1137 1402 1214 immensu

140 1244 274 1340 opibus,
297 1243 410 1309 interea
432 1231 507 1309 sane
534 1235 614 1310 dum
642 1237 700 1338 ipsi
726 1237 811 1334 apud
845 1237 1081 1338 Helenopolim
1123 1243 1192 1312 otio
1227 1259 1402 1341 torperent.

143 1347 253 1418 Mouit
275 1365 307 1410 ea
332 1341 411 1408 ianm
435 1338 663 1411 incredibiliter
687 1340 802 1437 vulgus
838 1339 988 1412 militum.
1020 1365 1083 1412 nec
1107 1341 1208 1412 teneri
1240 1341 1318 1416 vltra
1345 1365 1405 1442 po·

143 1465 251 1528 mere3
275 1463 382 1512 rernm
407 1435 593 1539 direptionis
618 1459 651 1512 et
676 1441 759 1514 vrbis
785 1439 826 1512 de
851 1437 1029 1512 medendae
1061 1439 1166 1512 audita
1201 1447 1404 1526 mentione,

144 1537 267 1642 lingunt
286 1535 397 1637 pallirn
421 1559 589 1622 amenter,
615 1559 647 1612 et
671 1539 758 1613 nulla
783 1465 967 1640 discipline,
999 1537 1089 1612 nullo
1116 1541 1242 1614 militari
1268 1541 1402 1628 ordine,
1518 1561 1524 1568 '

146 1643 223 1718 nulla
245 1635 345 1712 forma
369 1644 447 1712 aciei
474 1637 639 1740 ducluque
663 1640 852 1742 lignorum,
878 1637 1160 1736 tumultuosissime
1180 1663 1279 1715 nnmt
1292 1647 1404 1717 Nicae·

146 1733 333 1822 antedius,
360 1737 448 1839 quasi
471 1739 698 1838 lymphati-
725 1743 820 1814 Tum
856 1745 951 1840 igitur
981 1761 1016 1815 vt
1054 1739 1217 1816 ordinibus
1256 1737 1364 1818 solutis
1389 1773 1478 1848 ,ιη

141 1842 220 1918 nullo
242 1839 393 1914 inslmslu
422 1861 476 1914 aut
499 1845 648 1915 cautione
673 1867 818 1940 pugnarn
844 1843 1025 1914 ineuntibus
1049 1835 1159 1926 solita,
1194 1837 1323 1942 disperii
1357 1836 1406 1918 tel

138 1969 219 2018 mere
241 1937 426 2024 ferrentur,
455 1945 490 2014 in
516 1945 678 2024 Tomos,
712 1940 752 2014 ad
786 1941 897 2016 locum
929 1945 1119 2018 Draconem
1156 1940 1280 2018 diuum
1312 1939 1407 2020 subli-

137 2041 293 2141 dentetin
330 2039 471 2125 insidiis,
495 2039 794 2144 incidunt,.ibique
828 2039 1042 2118 miserabiliter
1067 2040 1244 2117 caeduntur
1267 2048 1319 2118 n),
1355 2051 1407 2120 Ae

136 2165 244 2219 tantam
269 2141 442 2216 Gallorum
467 2147 780 2244 Normanorumque
812 2137 999 2217 lsnraelitico
1031 2164 1103 2218 tum
1137 2141 1245 2244 gladio
1277 2143 1404 2220 carnifi-

136 2251 232 2320 cinam
257 2248 433 2318 exercitam
459 2265 665 2326 memorant,
692 2265 751 2328 vt,
783 2249 993 2344 comportatis
1032 2250 1067 2316 in
1103 2270 1205 2318 vnum
1245 2269 1403 2322 aceruum
1475 2297 1481 2308 ·
1549 2290 1557 2307 x

132 2344 241 2421 deinde
265 2343 498 2426 namnetibus,
524 2371 594 2418 non
620 2344 795 2432 tumulus,
826 2365 882 2418 aut
912 2346 1003 2420 collis
1046 2363 1201 2418 vertente
1230 2351 1266 2419 in
1304 2345 1404 2422 latum

130 2445 375 2550 speculationem
401 2451 568 2535 eminens3
591 2441 646 2522 sed
671 2449 782 2546 magni
819 2447 914 2545 plane
951 2450 1073 2530 montis
1112 2445 1207 2519 inllar
1248 2447 1404 2522 exstiterit

132 2577 202 2624 cum
225 2543 353 2620 sublimi
378 2545 543 2620 altitudine
570 2547 742 2620 iniustam
770 2545 936 2620 crailitiem
962 2569 994 2622 et
1024 2545 1226 2622 latitudinem
1257 2553 1404 2648 patentis.

129 2657 178 2728 Ac
198 2649 294 2750 plane
319 2651 435 2746 ingens
459 2645 623 2747 hodieque
648 2643 786 2746 superest
815 2647 880 2722 illic
911 2673 1012 2748 agger
1042 2645 1179 2733 ollium,
1205 2673 1405 2749 quamquam

129 2777 195 2826 non
218 2775 322 2848 pauca
347 2745 425 2824 inde
458 2744 615 2823 subtrasio
647 2748 778 2824 conllat
826 2747 993 2848 Siquidem
1035 2747 1146 2849 pollea
1189 2747 1323 2850 quidam
1361 2775 1406 2826 ex

128 2853 187 2927 illo
212 2877 334 2950 genere
358 2851 566 2927 barbatorum
593 2870 664 2928 tum
690 2845 857 2925 caesorum
879 2869 998 2928 utum
1033 2875 1166 2924 murum
1197 2875 1270 2923 non
1300 2849 1405 2952 longe

128 2957 208 3026 hinc
232 2957 269 3024 in
293 2955 424 3024 ciuitatis
448 2948 593 3028 forman
617 2949 845 3036 aedificarent,
870 2951 971 3028 multa
1001 2949 1079 3024 inde
1106 2945 1210 3024 simun
1245 2949 1405 3050 lapidbnt

130 3048 198 3132 olla
223 3045 441 3136 miseremur,
467 3069 701 3154 caementoque
727 3049 944 3126 deuiuxerunt
968 3055 1003 3122 in
1026 3077 1126 3124 vnam
1150 3049 1419 3124 lirrrdirtmemo'

127 3155 219 3244 [επις
245 3149 425 3250 sepulcrum
449 3157 609 3232 mortuis,
635 3159 780 3252 vinisque
806 3153 919 3226 vrbem
943 3177 1006 3226 vna
1032 3177 1132 3252 opere
1157 3151 1336 3226 molientes.
1361 3157 1405 3228 Et

127 3259 207 3342 haec
232 3257 344 3329 einim
367 3251 467 3328 bodie
491 3251 601 3330 visiun
627 3257 731 3336 encta
748 3255 941 3339 montibus,
966 3248 1083 3334 ollium
1095 3249 1407 3356 sexommqnentix·

131 3377 198 3432 tura
221 3347 394 3430 confectis.
551 3367 557 3380 “
611 3437 619 3442 ,

594 3478 600 3491 ’
705 3459 736 3558 b·
764 3479 823 3552 ut

228 3581 350 3660 Deleto
374 3591 591 3664 internecione
618 3585 801 3660 Chrilliano
828 3587 968 3662 exercitu
994 3633 1006 3666 a
1036 3589 1146 3662 Petrus
1181 3609 1260 3662 nun
1298 3585 1409 3684 paucie

131 3684 369 3786 Helenopolim
395 3681 428 3760 se
452 3695 572 3790 recipit
620 3691 692 3762 Nec
725 3687 768 3760 ibi
802 3707 888 3762 tumn
921 3705 996 3760 erat.
1041 3685 1261 3762 intendebant
1300 3685 1409 3759 Turni

129 3791 295 3860 machinae
332 3787 371 3858 ad
403 3781 508 3888 ipsunt
541 3784 820 3888 intercipiendum.
869 3791 982 3862 Monit
1012 3791 1200 3888 impetitori
1231 3779 1409 3860 misericor·

129 3885 213 3966 diam
239 3905 352 3963 tantae
378 3889 483 3965 caedis
508 3907 612 3966 certus
636 3891 792 3964 nunciua:
815 3911 879 3962 nec
901 3885 960 3964 libi
986 3888 1258 3967 committendum
1270 3891 1407 3988 putauit,
1487 3909 1492 3920 ·

167 4211 231 4272 124.
257 4204 370 4254 ΑΝΝΛ
395 4205 508 4256 contu.
532 4211 562 4276 p.
585 4205 660 4274 287,
683 4205 747 4266 ost·
797 4204 826 4256 et
849 4189 910 4256 alii.
933 4211 1023 4274 quam
1035 4189 1167 4256 accidifl'e
1177 4183 1305 4252 scribunt
1323 4209 1410 4252 men.

797 4275 826 4340 l'e
851 4279 977 4344 ouobri
1001 4283 1055 4340 lln.
1073 4275 1207 4338 MllClll.
1220 4273 1409 4338 Tudebodue

170 4362 235 4442 m)
262 4365 316 4423 Du
352 4359 457 4424 uterne
495 4361 514 4428 l.
546 4381 600 4438 n„
629 4361 748 4427 Cladeut
796 4361 849 4426 lib.
873 4387 893 4428 1.
918 4363 1076 4431 Guibemn
1095 4361 1149 4426 lib.
1172 4379 1275 4448 neap.
1299 4356 1409 4426 mbul-

129 4447 202 4510 bnnc
237 4461 364 4510 narrant
386 4445 520 4511 Alberuu
550 4451 605 4530 tq.
634 4450 749 4523 Tyriut
797 4449 969 4534 dricdrc.‚,.

206 4533 652 4616 &nmmum
737 4533 813 4612 Ee
