4034 5746
666 525 739 620 ⁶ss
1110 501 1533 594 vurasconutt

451 627 536 712 Inep.
566 637 659 694 nuru.

1128 741 1131 746 ,
1195 714 1443 839 ,ΛΨ

658 887 725 964 aliis
748 876 896 985 genubus
934 871 1154 974 compluribus
1179 881 1345 961 exercitu,
1370 831 1596 950 Branitzulnm
1617 873 1726 951 urbem
1746 905 1897 985 oppugna

658 983 851 1068 contendit,
885 974 1098 1084 pensione
1123 975 1315 1064 confidens,
1342 1003 1425 1082 quae
1449 999 1527 1051 cum
1542 973 1734 1077 ,musaico
1760 993 1894 1089 pepigerat

761 1173 839 1246 Eius
875 1167 923 1239 rei
947 1171 1070 1242 nuncio
1095 1162 1334 1267 obllupeladlue
1358 1171 1531 1265 princeps,
1556 1169 1683 1242 miratus
1706 1165 1746 1240 ell
1767 1167 1897 1270 perfidiam
1950 1183 1951 1254 l

564 1275 566 1278 ’
657 1275 921 1374 Hungarorum,
948 1268 1062 1370 quod,
1088 1293 1170 1368 quae
1193 1265 1396 1342 sacramentis
1427 1261 1516 1340 haud
1553 1267 1677 1367 pridem
1711 1263 1896 1360 sauciuerant,
1950 1343 1951 1346 ,

657 1375 746 1452 nulla
774 1372 816 1447 de
839 1365 930 1444 causa
946 1371 1194 1472 pollhaberent.
1243 1369 1413 1471 Celeritate
1437 1371 1536 1471 igitur
1561 1397 1579 1442 e
1603 1397 1653 1444 ere
1676 1397 1742 1446 rem
1764 1381 1896 1477 opinatus,

657 1471 765 1556 uersus
791 1475 908 1550 lllrutn
937 1480 1094 1548 continuo
1121 1479 1182 1547 iter
1206 1470 1353 1549 intendit.
1403 1477 1451 1544 Ar
1474 1497 1551 1543 cum
1579 1396 1778 1557 leirensuos
1811 1504 1894 1576 nequa·

659 1605 759 1680 quam
785 1573 847 1650 elle
872 1579 1037 1678 Huugaris
1061 1575 1097 1638 v)
1123 1603 1213 1675 pares
1240 1582 1260 1671 (
1295 1579 1349 1674 uip
1375 1601 1394 1649 e
1420 1577 1651 1650 Rornanorum
1674 1601 1769 1660 utres,
1798 1587 1893 1654 nemius

660 1701 733 1755 tum
759 1675 947 1761 obsistente,
974 1685 1009 1750 in
1032 1683 1208 1778 prouinciis
1236 1601 1614 1777 dilperlleconfidebant
1629 1682 1666 1772 ,)
1688 1677 1893 1780 tslaexcogtur

660 1779 806 1882 Qidam
830 1779 922 1856 locus
947 1779 991 1853 est
1015 1778 1132 1856 arduus
1156 1777 1225 1853 satis
1237 1831 1248 1866 ,
1272 1784 1410 1853 nomine
1435 1781 1552 1851 Smetcs
1577 1773 1623 1848 Ξ).
1667 1783 1758 1852 Hunc
1779 1805 1896 1880 occupare

659 1883 817 1966 instituit,
842 1903 877 1956 vt
902 1873 978 1955 effet
1004 1877 1091 1956 sedes
1102 1931 1115 1965 ,
1139 1882 1228 1958 vnde
1260 1901 1443 1956 excurreret
1478 1885 1515 1955 in
1557 1881 1734 1980 Hungaros.
1776 1888 1816 1956 Vt
1844 1908 1894 1957 reto

659 1989 823 2059 ciuitatem
848 1979 907 2056 fibi
941 1980 1168 2058 conseruerant
1202 1985 1455 2066 Branitzobitae,
1481 1981 1625 2066 litteras,
1651 1981 1825 2082 quibus,se
1852 1989 1893 2060 itn

657 2089 726 2160 iam
752 2085 991 2170 aduentururn,
1015 2086 1073 2162 ills
1099 2083 1320 2188 significabat,
1345 2088 1441 2160 militi
1452 2079 1587 2158 crudam
1599 2083 1708 2172 tradit,
1731 2091 1894 2184 imperatque,

660 2209 698 2265 vt
724 2189 789 2264 telo
816 2187 953 2288 alligatas
977 2191 1012 2260 iu
1049 2189 1162 2264 vrbem
1187 2195 1371 2266 coniiceret.
1422 2181 1524 2275 Quod
1552 2185 1626 2270 ille,
1652 2194 1696 2262 vti
1718 2185 1818 2260 lullum
1838 2207 1915 2278 rurs

658 2289 746 2366 fecit.
796 2286 861 2364 Sed
886 2295 974 2364 eninr
998 2289 1144 2376 litterae,
1170 2289 1325 2393 longius,
1350 2314 1450 2391 quarn
1476 2288 1673 2388 oportebat,
1695 2291 1851 2384 proiedlte,
1870 2295 1894 2362 iu

657 2417 775 2484 manus
801 2416 918 2466 venere
941 2396 1189 2494 Huugarorum.
1239 2397 1408 2467 Continuo
1433 2393 1531 2491 igiutr
1560 2385 1673 2464 inuafit
1694 2386 1760 2464 illos
1794 2410 1894 2476 muru,

523 2507 556 2548 ⁵>
657 2497 882 2592 machinisque
908 2513 941 2568 et
963 2497 1056 2568 rebus
1083 2494 1172 2579 aliis,
1197 2521 1281 2598 quae
1304 2491 1347 2566 ad
1376 2491 1460 2568 vrbis
1485 2498 1761 2666 oppupnatiouem
1774 2511 1892 2590 apparant

658 2615 772 2679 erant,
796 2593 955 2674 iuceulir,
979 2592 1021 2666 ad
1062 2594 1203 2682 Istrum,
1227 2593 1409 2678 tranfituri,
1448 2613 1574 2668 conten
1598 2615 1697 2669 erunt,
1742 2593 1798 2669 Sed
1825 2619 1891 2666 eruo·

598 2750 618 2780 .,
656 2694 791 2771 dantem
817 2701 1014 2769 inuenientes
1037 2695 1175 2774 fluuium
1202 2697 1350 2800 (quippe
1387 2689 1474 2770 venti
1505 2691 1692 2799 imbresque
1723 2695 1806 2772 coelo
1830 2687 1891 2766 effull

655 2799 817 2890 ruebant)
840 2795 945 2872 versus
971 2794 1181 2900 Belegradam
1211 2805 1277 2873 iter
1307 2816 1439 2874 vertere.
1470 2801 1558 2868 “ltlt‘e
1586 2805 1732 2898 cognitis
1749 2807 1890 2894 imperator,

656 2921 881 3000 acceptoque,
907 2903 1080 2984 Boritzen,
1106 2896 1278 2990 Boffmae,
1304 2903 1445 3002 regionis
1460 2895 1682 2996 Dalmaticae,
1707 2895 1892 3010 principeutl,

684 3009 716 3074 ui
743 3005 863 3074 auxilio
889 3024 1019 3076 venerat
1044 3006 1232 3101 Htmgariae
1256 3005 1348 3105 regi,
1370 3006 1406 3073 in
1431 2995 1525 3072 suum
1559 2999 1665 3073 redire
1693 3005 1892 3102 principatum

657 3029 850 3178 lortiffimos
875 3102 1015 3176 militum
1042 3101 1208 3188 detensa,
1235 3107 1290 3204 qui
1315 3127 1431 3175 manus
1458 3127 1537 3173 cum
1564 3105 1692 3175 lioritze
1716 3097 1890 3182 consererent,

658 3202 801 3279 dimittit.
855 3209 999 3277 ‘Verum
1019 3204 1176 3290 uastius,
1204 3211 1259 3306 qni
1286 3210 1394 3304 copias
1424 3201 1693 3286 illasducebat',
1710 3205 1827 3290 oblitus,
1851 3203 1894 3296 opi

654 3333 741 3388 nor,
768 3309 856 3378 cuius
882 3312 980 3406 gratia
1006 3327 1039 3380 et
1065 3335 1132 3408 quo
1158 3336 1236 3382 cum
1260 3306 1353 3382 holle
1376 3323 1602 3406 pugnaturum
1626 3301 1658 3378 se
1687 3299 1817 3378 emillllet
1836 3305 1893 3400 pr'u-

656 3435 755 3506 ceps,
781 3427 941 3480 maturato
966 3412 1101 3495 itinere,
1127 3409 1168 3484 ad
1193 3415 1370 3508 Hungaros
1384 3433 1482 3508 quam
1495 3413 1653 3506 proxime
1667 3399 1803 3482 suceellrt.
1824 3411 1892 3478 Cun-

656 3535 720 3608 que
745 3511 779 3579 in
805 3504 1023 3607 praecursores
1048 3511 1210 3612 quosdam
1233 3509 1414 3592 iucidillet,
1452 3505 1573 3606 fitgatit
1613 3516 1670 3591 iis,
1707 3515 1750 3580 ‘in
1785 3503 1893 3578 medium

654 3615 746 3684 irruit
769 3611 912 3684 hollium
938 3611 1135 3714 phalangem
1160 3616 1219 3698 Β),
1245 3617 1415 3714 egregium
1439 3601 1471 3682 se
1496 3604 1624 3684 facinus
1650 3607 1821 3690 editurum,
1848 3631 1892 3676 cre·

655 3709 758 3792 dens,
784 3709 833 3797 fi,
860 3739 900 3786 eo
928 3722 1119 3793 conterritos
1145 3737 1236 3791 metu
1260 3708 1445 3816 aggress‘us,
1470 3707 1603 3784 ordines
1629 3708 1825 3810 perturballet.
1848 3709 1892 3778 Ne·

655 3840 719 3916 que
747 3809 797 3884 illa
823 3843 899 3888 eum
925 3823 1065 3892 omnino
1091 3815 1161 3918 spes
1185 3815 1329 3892 frustrata
1356 3815 1410 3888 est.
1463 3813 1618 3915 Namque
1631 3817 1796 3918 Hungari,
1815 3813 1895 3909 primo

652 3915 812 4020 quidem,
836 3911 943 4020 ipsum
966 3925 1068 4025 copiis
1093 3921 1156 4004 istit
1180 3917 1324 4026 praecise
1345 3925 1605 4023 imperatorem,
1629 3921 1708 4004 rati,
1733 3911 1814 3992 nullo
1836 3905 1896 3984 ordi·

693 4249 742 4334 v)
766 4271 806 4328 η
828 4243 943 4316 O'otrttt
967 4275 1081 4338 eptem.
1361 4249 1410 4340 y)
1470 4299 1477 4314 .

1322 4339 1358 4426 J.
1373 4361 1408 4422 3.
1433 4351 1496 4400 not.
1520 4339 1551 4403 d.

700 4419 754 4508 x)
777 4423 907 4498 Σμηλησ.
1360 4425 1410 4502 z)
1435 4425 1461 4483 is
1481 4447 1569 4495 resen
1594 4445 1650 4488 ret
1674 4413 1785 4486 o'mar
1807 4415 1896 4491 ΨΜ·

1186 4541 1191 4549 ·
1320 4527 1364 4588 μ
1384 4511 1531 4591 taurese.
