4132 5742
593 610 619 686 o
731 705 747 713 ‚
910 559 965 708 1'
1032 545 1429 736 enuntiarunt.
1518 605 1524 616 “

591 808 661 896 est,
688 805 872 904 secabatur,
900 803 991 908 quod
1017 803 1209 884 donaolim
1235 807 1399 910 populos.
1428 803 1565 880 alterum
1592 819 1707 908 nigra,
1734 811 1874 890 alterum

590 939 695 986 cocco
716 915 820 1008 'tincta
845 911 931 984 velle
957 909 1131 995 indutum,
1159 909 1313 986 discreuit.
1365 907 1471 983 Aliam
1497 911 1610 983 vrbem
1637 912 1726 984 idem
1753 919 1875 988 Tlreo-

592 1015 768 1116 phylaclua
794 1031 976 1092 memorat,
1002 1039 1073 1086 non
1101 1012 1208 1086 mulne
1234 1013 1408 1086 millibuea
1433 1013 1568 1110 Tangat
1582 1009 1739 1098 distinam,
1768 1017 1873 1091 Cirrab-

590 1105 817 1190 dannomine
843 1104 1060 1208 (xenion),
1085 1116 1123 1186 ab
1149 1112 1336 1198 Alexandro
1361 1116 1413 1186 M.
1447 1108 1643 1194 conditam,
1670 1143 1752 1216 quae
1789 1117 1874 1193 ‹luo-

494 1269 499 1278 -
590 1219 650 1291 bus
675 1224 798 1325 rigetur
819 1215 1028 1292 fluminibus:
1054 1221 1143 1289 cuius
1167 1217 1295 1290 incolae
1316 1211 1613 1304 sericijconficieu'di
1626 1216 1801 1317 peritill'uni
1816 1223 1872 1294 ha·

577 1317 748 1402 ¹beantur,
775 1322 823 1394 ele
847 1321 961 1390 hantos
975 1317 1059 1390 alant
1073 1372 1083 1404 ,
1098 1338 1130 1392 et
1141 1313 1183 1390 ad
1195 1317 1295 1391 Indos
1308 1315 1449 1390 boreales
1460 1313 1502 1388 ad
1517 1339 1732 1394 mercaturam
1746 1323 1874 1398 abeant.-

697 1425 789 1495 Haec
814 1345 883 1492 lere
907 1414 1003 1508 sunt,
1029 1417 1178 1520 quande
1226 1415 1308 1492 rilcis
1335 1413 1528 1492 Turcomm
1554 1419 1675 1494 sedibus
1699 1419 1740 1494 ad
1767 1423 1877 1500 finem-

589 1517 691 1621 vsque
713 1517 827 1595 saeculi
853 1519 927 1620 poll
952 1523 990 1591 C.
1018 1525 1060 1593 N.
1085 1517 1162 1593 semi
1188 1445 1354 1622 liriptoree
1382 1523 1550 1613 Byzantini
1584 1529 1764 1595 memoriae
1796 1548 1872 1624 pro·

591 1621 751 1698 diderunt.
802 1620 937 1694 Saeculo
962 1621 1035 1717 post
1061 1621 1364 1695 Chrlllumnatum
1391 1623 1510 1694 oilauo
1543 1647 1599 1696 eos
1635 1629 1737 1724 magis
1754 1632 1873 1704 -etiam

559 1726 565 1741 '
591 1723 634 1801 ad
658 1721 863 1798 occidentem
883 1715 1026 1816 Caucaso
1054 1751 1072 1796 a
1097 1721 1375 1822 septemtrionibus
1400 1715 1553 1794 obuersos
1577 1721 1784 1799 offendimus.
1812 1733 1874 1802 Per

409 1908 413 1915 .
528 1845 530 1850 '
592 1853 693 1922 quem
718 1821 842 1900 saeculo
871 1822 1046 1912 undecimo
1073 1845 1278 1924 erumpentes
1303 1851 1362 1924 per
1386 1821 1564 1897 Araxidem
1589 1825 1728 1900 fluuium
1754 1834 1872 1902 inl‘er·

590 1928 671 2006 liam
697 1933 978 2028 cornruigrarunt3
1002 1923 1087 2000 vnde
1113 1923 1302 2001 succedente
1336 1949 1486 2023 tempore
1527 1951 1586 2028 per
1621 1949 1726 2005 totam
1762 1929 1873 2010 Aliam

591 2027 763 2146 meridiem
789 2053 821 2107 et
845 2025 1049 2142 occidentem
1075 2023 1200 2116 versus,
1230 2023 1322 2116 effusr
1345 2023 1428 2103 sum.

913 2239 1240 2345 Turturum
1274 2233 1567 2374 Historia.

695 2420 811 2478 ‘aanor
838 2415 981 2482 veteres,
1006 2403 1145 2499 gemin
1171 2405 1296 2472 oriente
1322 2392 1513 2471 nobilillima
1527 2421 1564 2470 ac
1577 2389 1786 2483 validisne,
1811 2399 1871 2470 ein

589 2524 631 2576 ea
655 2525 683 2576 a.
710 2508 749 2578 C.
776 2517 844 2595 598.
873 2506 1031 2575 Romanis
1056 2505 1201 2599 primum
1225 2495 1283 2572 sub
1307 2501 1374 2572 hoc
1406 2501 1551 2574 nomine„
1569 2502 1601 2567 9)
1625 2504 1749 2597 cogniti
1785 2493 1870 2576 sune

590 2607 640 2679 Ea
667 2610 756 2678 enim
780 2603 989 2701 tempestate,
1015 2629 1116 2685 cum,
1141 2599 1352 2698 Ephrhalitis‚
1378 2598 1536 2698 Sogdaitis
1560 2619 1593 2674 et
1626 2600 1691 2674 aliis
1723 2601 1871 2700 gentibue

590 2700 740 2806 plurimis
764 2708 904 2806 irnperio
930 2700 988 2776 suo
1014 2702 1165 2778 adiedlis.
1189 2707 1334 2803 potentia
1365 2705 1397 2772 in
1430 2696 1627 2774 immensum
1666 2699 1833 2776 creuillent
1853 2728 1871 2792 ς

589 2807 811 2882 ancillarum
836 2810 1004 2906 gentiana,
1030 2803 1225 2905 Sogdaitae,
1252 2803 1494 2885 uranavcv‘u,
1522 2805 1717 2876 Turcorum
1755 2807 1875 2903 priuci-

574 2933 696 3011 ¹petra,
721 2929 779 2993 vt,
802 2907 964 3009 legatione
987 2904 1029 3002 ad
1054 2903 1160 2980 Persas
1185 2904 1298 2989 milla⁴
1325 2901 1398 3004 ipsu
1424 2901 1520 2978 simul
1543 2900 1679 2978 sericum
1710 2911 1745 2978 iu
1769 2903 1874 2982 Perlia
1995 2967 2001 2975 .

594 3037 718 3085 venum
744 3007 931 3109 exponendi
954 3013 1089 3108 copiam
1115 3005 1257 3090 laceret,
1282 3025 1453 3106 rogarunt.¹
1485 3003 1650 3080 concessu
1669 3027 1785 3080 eorum
1799 3033 1873 3106 pre,

588 3114 684 3186 cibus
709 3117 863 3200 Turcus3
888 3131 920 3184 et
945 3108 1117 3210 Sogdaitae
1143 3108 1184 3182 ad
1211 3105 1316 3182 Persas
1342 3103 1481 3206 profecti
1506 3103 1641 3182 sericum
1674 3107 1872 3204 attuleruut,

593 3211 732 3288 liberum
758 3217 824 3288 eius
849 3210 906 3286 libi
933 3213 1009 3286 cirrn
1035 3210 1136 3286 Perlis
1162 3230 1312 3311 rogantes
1341 3215 1590 3283 commercium.
1625 3205 1749 3284 -Persae
1772 3237 1872 3299 vere.

476 3383 479 3388 ,
618 3317 709 3390 uibuu
733 3315 818 3398 haee
839 3317 977 3388 minime
1002 3333 1090 3413 grata
1117 3333 1183 3386 erat
1207 3313 1350 3411 legatio,
1375 3305 1511 3385 sericum
1538 3301 1687 3384 emenult
1721 3309 1873 3411 quidem,

586 3339 710 3502 zodia
729 3411 822 3493 cons
856 3418 909 3490 clu
932 3415 1118 3517 legatorum
1141 3418 1210 3513 igni
1235 3431 1437 3496 cremarunt,
1464 3434 1499 3488 vt
1522 3415 1585 3486 lrac
1612 3439 1720 3488 merce
1743 3410 1800 3486 srbi
1837 3439 1877 3488 ο.

591 3538 658 3620 pas
679 3542 754 3592 non
778 3441 865 3602 ὥς,
888 3515 1103 3593 ostenderent
1157 3519 1292 3590 Tamen
1309 3515 1448 3592 aiteram
1478 3512 1566 3588 milit
1593 3514 1793 3617 legationem
1817 3516 1877 3592 θ’)

587 3621 750 3702 actutu,
804 3647 845 3693 ua
870 3615 975 3692 Persas
1000 3617 1057 3692 fibi
1082 3622 1206 3692 amicos
1232 3615 1406 3694 conciliare
1437 3619 1603 3692 nitebatur.
1650 3622 1727 3692 Hoc
1752 3613 1836 3692 adeo
1855 3669 1876 3704 ⁴

583 3747 639 3798 ,ne
658 3724 755 3823 regni
779 3645 826 3796 liri
851 3719 932 3794 fines
958 3747 1011 3794 aur
1037 3721 1096 3794 lius
1120 3717 1272 3795 'intrandi
1287 3723 1420 3794 Turcos
1445 3719 1593 3796 voluntat
1631 3741 1788 3820 caperet,
1820 3745 1875 3798 ve·

585 3849 686 3900 meno
711 3823 788 3896 cibis
813 3827 919 3900 mixto
945 3749 1057 3898 Peri-lle
1080 3818 1300 3912 lirllulerunt3,
1318 3819 1409 3895 causs
1435 3826 1549 3894 mortis
1575 3827 1691 3894 eorum
1723 3823 1759 3894 in
1790 3821 1874 3898 coeli

588 3922 850 4014 cantationem,
878 3949 961 4026 quae
985 3927 1132 4008 Tamis,
1156 3930 1194 3998 in
1227 3923 1291 3998 alio
1318 3931 1394 3997 aere
1427 3929 1538 3996 viuere
1576 3919 1728 4007 effoetis,
1758 3919 1875 4002 infella

590 4025 696 4110 ellat,
715 4025 843 4101 collata.
891 4025 1087 4112 Dizabulus,
1111 4031 1193 4100 haec
1216 4052 1277 4124 per
1300 4021 1447 4098 lraudem
1472 4023 1548 4098 ficia
1575 4020 1661 4106 elle,
1686 4049 1757 4098 non
1780 4031 1874 4126 igno·

464 4135 466 4142 '
587 4128 706 4206 rabat:
729 4147 841 4203 tamen
865 4123 908 4203 de
930 4127 1031 4204 Persa
1055 4125 1180 4204 sumere
1203 4124 1381 4206 ,vindiciam
1405 4122 1512 4200 adhuc
1544 4121 1708 4200 dubitauit.
1824 4177 1826 4180 -

703 4232 879 4304 Caeterum
904 4257 976 4305 non
1000 4234 1081 4304 haec
1105 4234 1232 4331 magis,
1253 4253 1356 4328 quam
1385 4234 1569 4304 Auarorum
1595 4224 1738 4303 desento
1757 4251 1801 4304 zac
1818 4221 1877 4308 l'u»

582 4357 640 4440 ¹ga
662 4335 700 4412 in
719 4329 954 4432 occidentem
978 4337 1099 4414 Tusca
1119 4332 1246 4436 legator
1273 4325 1316 4410 ad
1339 4327 1495 4408 Iustinum
1522 4332 1693 4413 ¹Iuniorem
1723 4327 1876 4406 mittendi

1783 4455 1876 4514 090⁸·

629 4563 687 4648 ,1)
711 4565 791 4638 Nam
814 4563 972 4654 legationi·
1002 4565 1040 4634 ab
1065 4579 1212 4648 necet,
1253 4561 1514 4634 'Hermethionum
1544 4577 1644 4635 rege,
1681 4555 1783 4623 millae
1813 4557 1875 4622 ian

1260 4650 1315 4718 sub
1344 4653 1419 4722 aC.
1442 4653 1509 4732 562.
1532 4646 1645 4712 mentio
1670 4645 1712 4712 tit.
