4110 5742
672 657 878 748 curun
903 632 1023 732 xvij
1060 719 1066 734 .
1323 761 1330 772 ἱ
1417 673 1565 760 291uap.
1604 685 1684 736 m.

668 879 695 928 a.
721 857 760 930 C.
788 869 1006 952 5109-1118.
1343 851 1358 884 ‘
1489 759 1595 910 slsis·

194 1019 374 1102 multitudo
400 1019 563 1092 ledlorum
589 1020 752 1111 militum,
780 1025 975 1120 cataphrac‘li
1000 1049 1115 1102 omues
1147 1021 1255 1098 a'itnis'
1298 1023 1476 1128 raesulgen·

195 1131 305 1206 tibus,
331 1149 473 1222 quorum
501 1122 658 1194 euibrttus
683 1117 835 1221 splendor
859 1117 951 1194 solari
977 1149 1063 1222 pene
1088 1117 1156 1226 ipso
1184 1049 1397 1200 corusdantiut
1428 1153 1474 1200 ra·

198 1227 255 1302 dio
282 1233 393 1297 a'c'rem
418 1223 627 1294 collullrabat.
680 1229 812 1296 Interim
837 1221 1017 1322 procedens
1042 1221 1083 1298 ad
1111 1227 1291 1324 Augustum
1315 1229 1474 1312 Sultanur,

198 1359 279 1406 enm
308 1327 365 1401 libi
390 1324 527 1396 subiedlis
551 1317 699 1420 satrapis,
725 1325 837 1422 quibus
864 1325 1089 1420 Monolycur,
1113 1349 1237 1412 aetate,
1263 1335 1474 1428 experientia,

199 1429 391 1507 fortitudine
414 1423 505 1498 facile
532 1427 707 1506 omnibus,
733 1441 896 1524 quotquot
921 1447 1010 1498 erant
1035 1447 1114 1500 tunc
1141 1433 1175 1500 in
1212 1427 1319 1512 nna,
1352 1433 1473 1502 Turcit

200 1533 364 1640 superior.
392 1528 553 1626 praeibat,
578 1519 718 1596 offendit
744 1552 821 1598 eum
846 1531 880 1598 in
906 1527 1069 1624 planitie,
1102 1553 1185 1628 quae
1224 1535 1273 1604 Au
1310 1529 1474 1628 iliopolitn

203 1657 235 1710 et
262 1633 436 1708 Aesonium
464 1631 625 1698 interiacet
683 1629 853 1724 satrapae,
879 1633 1074 1726 imperatore
1096 1629 1208 1726 procul
1235 1557 1333 1709 κάξ,
1368 1631 1472 1704 llatim

201 1742 289 1838 equit
315 1727 568 1804 exscenderuut:
593 1723 679 1798 idem
708 1723 827 1824 saepius
854 1751 986 1800 conatus
1012 1725 1076 1828 ipse
1102 1733 1273 1812 Sultanus,
1302 1735 1476 1832 imperato·

199 1843 239 1913 n's
263 1829 412 1910 officioso
445 1854 560 1902 renutu
591 1829 840 1926 prohibebatur:
864 1849 996 1909 tamen,
1025 1853 1059 1903 vt
1090 1829 1193 1904 factus
1228 1833 1273 1904 eli
1303 1837 1475 1920 vicinior,

198 1941 338 2016 eluebant
365 1957 473 2007 moras
498 1955 614 2002 onmes
638 1927 765 2002 sirenue
790 1925 934 2014 desiluit,
961 1929 1145 2032 pedemque
1171 1933 1303 2032 Arignlli
1328 1929 1475 2008 esloscn·

193 2046 282 2120 [πως.
334 2037 391 2110 lile
418 2053 530 2105 contra
558 2035 586 2104 ei
611 2057 744 2103 manunt
770 2039 996 2128 porrexinet
1023 2061 1040 2104 e
1065 2061 1108 2106 uo
1149 2033 1318 2109 leffill'nno
1355 2031 1472 2108 adduci

191 2140 301 2220 iusso,
328 2135 465 2210 inlidere
489 2133 531 2205 illi
560 2131 728 2206 Sultanum
755 2133 865 2204 voluit.
916 2137 1012 2232 Equo
1038 2059 1112 2216 sle,
1138 2157 1172 2208 vt
1197 2135 1403 2218 suadebatur,
1427 2141 1475 2208 in·

191 2238 326 2322 scenso,
353 2235 502 2312 adtnouit
525 2229 556 2304 se
581 2237 732 2331 proxime
758 2229 798 2302 ad
825 2231 975 2322 alueum,
995 2239 1194 2334 imperatoris
1232 2236 1319 2310 latua
1369 2239 1474 2310 Tunc

194 2353 220 2420 is
245 2342 405 2445 pallium,
433 2361 499 2437 quo
524 2357 590 2408 erat
613 2335 771 2416 amidlus,
797 2328 933 2407 resoluta
957 2335 1055 2408 fibula
1079 2335 1135 2409 sibi
1163 2333 1320 2424 demens,
1353 2337 1473 2412 Sultani

192 2447 338 2523 humeris
363 2442 479 2512 iniecit.

303 2558 435 2636 Deinde
460 2557 532 2660 poll
559 2557 654 2628 breue
682 2551 867 2636 silentium,
894 2549 971 2652 quid
998 2553 1054 2628 libi
1081 2555 1122 2632 de
1147 2587 1181 2632 re
1198 2555 1352 2660 praesenti
1389 2555 1475 2633 vide

192 2687 305 2749 retur,
332 2667 394 2736 hac
419 2657 524 2734 ferme
550 2662 696 2731 oratione
721 2657 840 2729 Turcis
867 2652 1064 2754 exposuiu„
1092 2665 1124 2734 Si
1150 2659 1472 2762 bonafide[inquit]

191 2765 344 2844 inducitis
372 2771 405 2836 in
432 2765 601 2840 animum,
626 2761 781 2832 Romano
807 2761 944 2854 imperio
971 2773 1083 2858 parere
1107 2783 1139 2834 et
1164 2781 1342 2862 temperare
1368 2761 1406 2832 ab
1425 2764 1471 2830 in-

192 2867 342 2944 festando
368 2863 625 2940 Christianorum
650 2857 730 2932 fines
758 2855 988 2932 iucurlionibus
1022 2855 1218 2952 hostilibus,
1255 2859 1415 2936 beneficiis
1453 2885 1473 2932 a

194 2971 292 3044 nobis
318 2987 348 3038 et
374 2969 503 3040 honore
526 2961 746 3134 tupebimini,
771 2959 933 3060 libereque
959 2957 1109 3062 deinceps
1135 2990 1172 3035 ac
1203 2957 1312 3036 secure
1349 2959 1472 3060 degetis

197 3075 234 3142 in
260 3067 367 3142 vestris
393 3069 479 3138 terris
502 3091 539 3134 ac
578 3063 685 3134 edibus
710 3063 769 3144 iis,
794 3085 872 3160 quas
898 3083 970 3133 ante
997 3069 1210 3162 principatum
1235 3067 1378 3137 Romani
1391 3065 1472 3136 Dio·

191 3175 312 3270 genia,
338 3187 370 3240 et
394 3165 479 3238 illam
502 3169 567 3238 eius
593 3159 752 3234 ittfclicet'n
781 3189 856 3234 cum
884 3161 1016 3235 Sultauo
1041 3151 1210 3264 pugnam,
1260 3193 1298 3236 ua
1324 3159 1392 3267 ipse
1424 3188 1475 3234 ca·

190 3273 268 3372 p'tue
295 3267 362 3345 cll,
388 3265 581 3340 obtuteba'tis.
631 3265 775 3336 ‘Aurior
798 3281 904 3334 autem
932 3266 1020 3336 vobis
1047 3267 1147 3338 vellra
1173 3192 1263 3339 causa
1290 3263 1391 3348 snm,
1418 3289 1473 3362 pa·

196 3399 269 3444 cem
295 3390 330 3444 vt
352 3367 480 3466 proelio
505 3365 654 3463 belloque
680 3367 785 3436 otium
811 3361 1071 3469 praeeligendum
1085 3365 1291 3454 existimetis3
1318 3349 1489 3463 abstineo-'⁴

197 3469 335 3570 dantque
360 3467 570 3568 cupiditatem
598 3486 628 3537 et
655 3461 865 3561 praedatrices
892 3472 1049 3538 m'anura
1081 3469 1224 3542 Romani
1258 3467 1374 3540 finibus
1411 3469 1472 3539 iut-

194 3577 298 3671 peu'i,
324 3574 467 3642 contenti
494 3569 630 3668 propriu
658 3571 700 3636 n),
754 3569 817 3638 Cui
841 3589 920 3637 meo
948 3565 1107 3651 consilio,
1132 3565 1285 3668 prosedlo
1310 3564 1431 3640 salutari
1457 3615 1473 3655 ,y

194 3671 220 3746 fi
247 3673 488 3772 acquieueiitis,
514 3666 617 3764 saxo,
644 3690 765 3738 nevos
792 3671 856 3738 eius
873 3675 1043 3764 'poeniteat
1067 3695 1232 3768 umquam.
1259 3673 1336 3768 quin
1362 3660 1475 3766 potiu't,

193 3775 288 3846 bonis
312 3799 350 3858 ac
373 3767 468 3844 dotiis
495 3765 647 3840 cuuitila'ti
671 3766 839 3864 plurimis,
867 3760 964 3864 qu'atit
990 3769 1076 3842 utilia
1114 3766 1289 3852 suaserim,
1323 3765 1469 3840 sentietis.

194 3869 253 3948 Sin'
278 3893 392 3945 contra
416 3869 624 3943 obfirmabitia
651 3871 821 3950 animum,
846 3870 935 3940 vobis
949 3866 1133 3948 denuncio,
1160 3869 1393 3943 destructorem
1415 3891 1470 3940 me

193 4003 239 4054 ee,
257 3977 433 4074 perniciem
458 3973 584 4072 generis
608 3965 700 4040 ueslri
724 3963 848 4059 fore‚,.
899 3965 952 4041 Ad
978 3995 1014 4042 ea
1040 3969 1186 4044 Sultanut
1218 3992 1250 4048 et
1282 3975 1347 4060 eius
1378 3963 1471 4039 satra·

192 4102 255 4177 pac
279 4069 342 4147 sese
366 4093 516 4172 promtos
542 4063 748 4166 obsequentes
773 4093 814 4140 ue
844 4069 1083 4166 praebuerunt:
1110 4071 1155 4144 sic
1196 4065 1301 4144 ferme
1339 4059 1469 4166 respon·

191 4172 326 4254 dentes:
376 4167 441 4249 sese
463 4162 715 4272 haudquaquam
741 4093 825 4242 ultro
852 4169 886 4240 in
911 4195 1046 4244 titanum
1073 4195 1109 4244 ac
1140 4171 1332 4274 potestatem
1369 4157 1468 4272 maie-

681 4327 694 4342 Λ
763 4293 847 4366 0-o
893 4313 916 4362 a
1386 4291 1472 4366 statis

235 4501 1474 4626 dmfflmfflfflfflmfflfflfflmmff

195 4605 986 4693 MmmwfflmmWssmm

907 4815 930 4862 ἱ
