4132 5742
353 679 431 765 Imp.
456 695 514 742 rv-

352 781 464 834 trruo
486 767 549 832 lun

517 1107 549 1181 8.

561 595 603 675 5⁴
981 563 1457 654 -nvncrconvur
1504 645 1507 650 ,

1145 799 1174 848 e.
1199 779 1238 850 C.
1262 781 1333 872 569'.

557 913 655 994 fimul
678 909 835 1004 fuemnt,
858 913 930 987 viae
954 905 987 988 l'e
1011 905 1265 997 commiserunt,
1292 934 1324 986 et
1351 911 1576 990 Choalltarutn
1601 911 1712 998 vrbe,
1741 927 1841 1016 quant

559 1025 705 1122 priorem
731 1007 958 1108 offenderant,
984 1014 1117 1098 relicta.
1143 1036 1203 1115 pet
1229 1013 1350 1088 callella
1377 1019 1437 1090 iter
1462 1013 1655 1090 direxetunt.

615 1115 625 1128 '
663 1117 838 1217 Postquam
862 1111 950 1192 fama
975 1136 1148 1218 peruagata
1174 1114 1220 1189 est
1245 1119 1428 1199 Turciarn,
1463 1143 1528 1218 qua
1558 1121 1642 1190 eirca
1665 1111 1747 1188 liner
1780 1120 1841 1192 iter
1900 1183 1906 1198 .

562 1217 682 1322 publici
706 1223 939 1296 Rornanorum
963 1218 1060 1322 legati
1085 1217 1265 1300 habebant,
1292 1245 1349 1292 eos
1375 1245 1438 1294 vna
1464 1247 1540 1292 curn
1575 1221 1770 1292 Turcoturn
1799 1219 1845 1294 le·

286 1401 288 1408 .
329 1417 358 1438 .,
422 1349 426 1354 ·
560 1325 641 1498 potis
669 1327 861 1418 Byzantium
886 1320 1013 1406 redite,
1038 1331 1104 1399 eiua
1128 1326 1271 1423 regionis
1297 1319 1364 1394 dux
1397 1317 1585 1396 Disabulum
1609 1327 1716 1416 (nnn
1735 1314 1845 1422 seque·

561 1423 744 1598 diluffls
769 1419 903 1522 supplex
928 1431 1055 1510 orauit,
1086 1444 1145 1508 vt,
1180 1423 1416 1500 constitutionis
1445 1424 1843 1526 reipublicae'Romanae

562 1548 793 1727 derilmreeliquu
820 1631 916 1701 etiam
941 1625 1076 1704 ducibus
1102 1629 1244 1702 tribuum
1271 1625 1444 1728 praepositi
1480 1626 1618 1702 concedi
1649 1631 1845 1727 petierunt.

564 1725 657 1830 quod
689 1749 799 1804 tamen
831 1730 909 1802 nulli
935 1729 1009 1815 alii,
1036 1757 1135 1834 quam
1162 1725 1219 1802 soli
1246 1731 1446 1804 Chliutatum
1472 1731 1508 1795 Ζ)
1540 1727 1639 1812 duci,
1680 1725 1844 1804 concellit.

562 1835 673 1952 ltaque
697 1833 787 1904 hunc
812 1839 909 1906 etiam
934 1835 1079 1906 Romani
1106 1827 1296 1906 assumentes
1323 1833 1380 1915 α),
1406 1853 1438 1906 et
1462 1827 1550 1904 haud
1576 1833 1674 1906 breue
1694 1825 1843 1929 viaespa·

519 2031 520 2035 Ἰ
568 1945 653 2008 trum
679 1928 825 2018 ementi,
856 1931 899 2008 ad
931 1933 1020 2013 illam
1050 1941 1220 2037 ingentem
1253 1953 1284 2008 et
1313 1931 1411 2012 latam
1434 1931 1591 2034 paludem
1612 1949 1846 2036 peruenerunt.

1191 2155 1199 2173 .
1224 2105 1273 2174 16.

673 2197 741 2274 Hic
765 2201 961 2276 Zemarchut
987 2219 1048 2275 tres
1075 2197 1142 2272 dies
1165 2100 1412 2286 dommoratus,
1436 2207 1535 2277 mittit
1558 2202 1765 2303 Georgium,
1790 2201 1848 2302 qui

445 2314 448 2322 '
567 2291 710 2372 ffimifftn
738 2301 804 2384 est,
832 2325 867 2378 vt
892 2307 1080 2406 imperatori
1103 2327 1162 2402 per
1186 2297 1326 2378 concisas
1349 2303 1490 2388 litteras,
1516 2301 1595 2406 quid
1627 2307 1662 2376 in
1696 2329 1732 2374 ea
1762 2301 1848 2403 lega·

567 2402 657 2473 tione
682 2405 791 2476 adium
819 2401 916 2491 esset,
942 2409 1131 2485 nunciaret,
1156 2407 1228 2480 tut'n
1254 2409 1349 2478 etiam
1376 2406 1417 2480 illi
1445 2403 1576 2480 suorum
1603 2429 1621 2474 a
1647 2407 1768 2478 Turc'n
1798 2432 1848 2478 re·

566 2495 673 2574 fflnnn
697 2501 899 2606 significaret.
950 2511 1112 2608 Georgiua
1134 2508 1231 2610 igitur
1257 2533 1333 2580 cum
1360 2503 1485 2582 duobus
1517 2531 1549 2586 et
1579 2503 1694 2580 decern
1726 2509 1849 2580 Turcie

511 2636 513 2640 ·
565 2606 654 2678 viam
680 2609 873 2702 Byzantium
899 2603 1008 2683 verfits'
1032 2615 1135 2712 cepit,
1160 2606 1315 2683 desertam
1342 2608 1473 2708 quidem
1501 2631 1532 2684 et
1557 2603 1767 2707 inaquosam
1791 2605 1849 2682 sed

566 2706 899 2806 compendiosiorem.
947 2715 1143 2790 Zemarchus
1170 2733 1277 2786 autem
1301 2737 1361 2812 pet
1381 2708 1515 2786 arenosa
1547 2709 1670 2810 paludis
1709 2716 1768 2786 iter
1799 2707 1848 2784 fa·

569 2809 681 2893 ciens,
707 2810 909 2910 perdecem
936 2833 968 2885 et
994 2809 1078 2888 duos
1105 2811 1170 2888 dies
1193 2813 1266 2887 loca
1290 2833 1461 2912 praerupta
1485 2807 1754 2913 praetergressus,
1784 2825 1849 2887 ‘at-

489 2915 491 2920 '
566 2913 639 3010 tigit
664 2915 746 3012 ripas
770 2939 840 2986 non
864 2913 969 2990 solum
995 2914 1138 2992 fluminis
1163 2913 1271 3002 Hui,
1298 2910 1352 2990 sed
1381 2923 1476 2988 etiam
1507 2917 1617 2988 'Daiclr
1633 2967 1646 2998 ,‚
1673 2937 1706 2988 et
1741 2909 1847 2988 nulus

566 3027 627 3112 p'et·
653 3013 727 3087 alias
752 3013 883 3114 paludes
910 3015 1053 3092 Attilam
1079 3015 1133 3102 bl,
1157 3017 1236 3092 inde
1260 3013 1300 3092 ad
1329 3017 1489 3116 Hugorot
1512 3021 1565 3098 ί),
1591 3021 1645 3118 qui
1676 3019 1849 3091 Romanos

566 3135 791 3238 monuerunt,
816 3115 857 3194 ad
883 3121 1034 3214 Coplrna
1059 3145 1193 3198 amnem
1218 3117 1251 3188 d)
1275 3123 1310 3194 in
1336 3115 1440 3194 denfis
1474 3135 1506 3194 et
1528 3119 1692 3194 arboribus
1714 3117 1866 3298 oopfitia.

1502 3253 1504 3258 ¹
1784 3247 1851 3296 ocu

614 3401 867 3470 &menonvalt
892 3426 921 3490 p.
948 3419 1098 3491 tot‚109.
1136 3409 1189 3474 vbi
1238 3401 1383 3486 maeum‘s
1395 3405 1519 3484 laicus,
1542 3421 1575 3472 vt
1600 3407 1757 3485 videtur].
1787 3405 1849 3474 Aa·

570 3481 643 3549 haee
666 3489 724 3566 iis,
748 3509 823 3572 qnae
843 3490 929 3578 supra
954 3500 981 3576 ς.
1009 3509 1033 3566 8.
1063 3495 1189 3574 haber,
1238 3495 1327 3558 tilam
1353 3492 1424 3558 itta
1449 3512 1477 3557 et
1502 3493 1607 3578 Volgo
1633 3497 1673 3556 est
1685 3492 1776 3560 Eruet
1791 3507 1849 3566 tur·

570 3569 795 3654 subiunguntur.
1238 3583 1327 3644 terite
1340 3625 1375 3655 „.

608 3662 658 3743 y)
678 3687 726 3740 nep
766 3687 854 3725 eostur
884 3657 899 3724 ὅ
930 3659 1093 3740 Διξαβελοε
1124 3669 1185 3742 itot-
1275 3677 1314 3742 c)
1338 3659 1372 3724 οἷς
1396 3667 1535 3743 Ovyapar.
1565 3661 1755 3727 Cantotlarua
1778 3664 1798 3730 l.
1821 3687 1849 3732 t.

568 3769 645 3810 meo.
1233 3755 1415 3838 ,‚Hugoros,
1429 3757 1546 3836 iuquit,
1570 3768 1598 3816 et
1609 3753 1770 3835 Onogoroa
1783 3775 1848 3818 eor·

608 3843 660 3908 z)
684 3839 829 3898 Χλιατων.
855 3835 894 3898 cs.
919 3835 1003 3920 supra
1032 3835 1066 3922 st
1096 3857 1140 3918 13.
1233 3841 1300 3904 dem
1325 3839 1382 3902 ell'e
1406 3862 1440 3902 ex
1464 3843 1521 3902 hoc
1546 3833 1615 3901 loto
1643 3859 1767 3924 puto„.

612 3925 660 4001 a)
697 3919 743 3984 aa
782 3949 832 3986 reu
875 3931 1014 4000 λιγομενι
1054 3945 1185 3999 streptu

570 4009 661 4085 slax,
689 4015 785 4076 omisit
803 4008 955 4094 interpres.
1279 4011 1329 4090 d)
1353 4005 1386 4070 οἷς
1417 4003 1451 4068 eis
1482 4031 1522 4068 rer
1555 4032 1616 4092 erpa
1654 4033 1702 4070 err
1734 4013 1847 4084 Kaputa

618 4096 661 4174 b)
686 4101 793 4172 ὒγενιτο
817 4122 895 4158 κατα
920 4121 959 4158 eu
982 4099 1078 4181 palpet
1101 4099 1186 4169 eelz
1236 4118 1374 4172 erretur.
1398 4097 1586 4159 Cantoclarus
1612 4096 1630 4158 l.
1657 4121 1680 4160 t.
1695 4145 1717 4182 ,‚
1742 4096 1848 4161 sortas-

510 4265 515 4272 .
572 4172 604 4240 e'tr
628 4207 684 4259 μην
704 4182 776 4246 ἅλα
807 4209 853 4262 req
885 4211 962 4245 κατα
993 4211 1039 4245 τον
1071 4191 1151 4258 Δαΐχ
1176 4227 1186 4258 ,
1235 4181 1287 4262 st,
1311 4189 1428 4266 inquit,
1456 4189 1540 4269 Copa
1565 4201 1613 4247 aut
1631 4183 1848 4267 Colpusl'linil,

572 4289 620 4342 my
647 4267 796 4350 ’διαλιμνον
827 4267 899 4356 [dm
925 4279 1054 4354 λιμνων]
1091 4274 1187 4349 ἔτυμον
1236 4275 1690 4357 quiSuaniampratttrlluit.lsu
1705 4289 1848 4356 nosquae

569 4349 655 4418 duta
689 4361 714 4421 ir
739 4385 786 4422 m
822 4367 964 4423 Aeetae..
995 4357 1186 4422 Cantoclarus
1234 4359 1395 4444 sequuntur
1420 4363 1525 4423 durtre
1550 4359 1685 4444 pollent,
1709 4363 1760 4423 vbi
1785 4362 1851 4434 nit,

571 4447 605 4506 in
641 4449 730 4512 Nous
767 4451 802 4513 ad
840 4451 1031 4512 Menandrum
1064 4469 1092 4530 p.
1123 4463 1184 4512 201.
1232 4447 1344 4526 Persae
1370 4449 1447 4513 enim
1473 4453 1554 4514 circa
1576 4449 1725 4512 tinnulam
1751 4449 1843 4513 iniu-

572 4529 700 4614 „Hirst,
725 4537 843 4618 inquit,
867 4539 1023 4610 Iaxartem,
1048 4535 1185 4604 auttlra·
1229 4535 1318 4622 stdiis
1341 4549 1481 4610 eruum„
1505 4533 1547 4600 Cf
1575 4537 1662 4602 Tum.
1698 4534 1743 4602 ll.
1765 4535 1849 4616 ffl-

491 4687 497 4693 ,
572 4618 647 4685 stum
670 4635 754 4709 puto.
775 4620 879 4695 Dades
909 4622 950 4700 est
978 4621 1057 4709 apud
1087 4619 1188 4687 Ptolo·
1234 4626 1348 4708 garico
1369 4621 1404 4709 Ι.
1427 4641 1474 4706 13.

738 1550 775 1596 ae
798 1529 920 1625 gratia,
944 1524 1004 1600 fibi
1029 1551 1161 1628 quoque
1186 1524 1310 1626 legatos
1336 1529 1463 1602 mittere
1496 1527 1630 1614 liceret,
1665 1547 1763 1625 atque
1795 1547 1845 1599 en·-
1954 1557 1962 1564 ·
