4070 5742
641 575 851 656 enrvr
895 575 998 658 tn.
1383 547 1445 684 ‚59

1453 687 1534 776 lor·
1576 705 1679 771 em,

692 801 724 850 a.
749 780 788 850 C.
815 791 901 863 1081.
1454 777 1567 838 mot.

163 920 254 998 obire
278 943 337 1020 per
361 915 481 992 nonu
504 911 612 988 neon
646 912 794 988 iubebat:
828 933 890 1000 et,
921 909 1021 986 limbi
1059 909 1209 986 &maroa
1240 889 1409 995 cernerent
1430 861 1561 1009 ,cm

163 1021 255 1100 haud
280 1019 386 1093 multo
415 1021 543 1090 maiore
567 1038 665 1114 quom
691 1010 750 1112 ipss
777 1035 868 1088 eraut
890 1037 1030 1088 numero
1056 1011 1227 1088 {lationem
1251 1021 1404 1096 babentes
1430 1073 1445 1116 ,

163 1125 252 1198 clam
279 1114 427 1194 exscenl'u
448 1115 561 1200 fodio,
589 1119 624 1186 in
650 1139 705 1186 eos
727 1117 876 1198 irruere,
900 1136 1095 1214 maturoque
1119 1133 1250 1216 recepto
1275 1145 1359 1194 mox
1396 1149 1445 1197 re·

166 1221 286 1326 gredi,
307 1219 397 1300 ,rude
419 1224 552 1320 quisque
578 1217 705 1288 exierat.
757 1214 903 1290 Addebat
941 1222 1037 1290 etiam
1070 1211 1112 1286 ad
1146 1241 1217 1288 rem
1248 1243 1322 1294 eam
1351 1243 1444 1300 caute

167 1321 342 1426 gerendam
365 1325 509 1402 monim,
534 1313 609 1416 iplis
635 1316 719 1388 vltro
743 1343 813 1390 non
838 1315 1007 1390 occursura
1030 1341 1070 1388 ex
1090 1341 1132 1404 eo
1145 1313 1326 1416 suspicans,
1351 1321 1444 1422 quod

169 1422 267 1518 rudes
293 1419 395 1495 adbuc
444 1419 514 1492 illos
549 1437 581 1489 et
612 1415 742 1490 bellicae
773 1423 820 1491 rei
852 1423 1037 1518 inexpertos
1068 1411 1188 1489 sciret:
1221 1425 1443 1522 praeciperent

168 1529 289 1606 nauus,
312 1541 343 1595 rt
368 1514 467 1622 qnam
492 1521 633 1592 minimo
658 1517 789 1614 llrepitn
814 1524 1036 1619 remigarent,
1051 1513 1194 1690 ssipsique
1220 1543 1371 1598 canerent
1404 1519 1443 1598 fi·

171 1625 243 1700 bia
270 1618 425 1730 lubfidere
448 1617 544 1697 solitis
569 1613 612 1690 ad
637 1615 763 1694 infidias
789 1619 925 1694 barbaris
951 1625 985 1695 in
1008 1613 1050 1694 sci
1078 1621 1140 1690 uris
1164 1637 1340 1720 petrarum.

743 1823 775 1920 q.
803 1823 868 1894 126.

259 1943 324 2018 His
352 1968 414 2042 per
439 1936 505 2014 dies
531 1941 655 2043 aliquot
682 1939 923 2016 excursionibus
950 1935 1235 2038 emptionibusque
1258 1937 1440 2042 frequenta·

157 2043 217 2126 tlt,
241 2043 395 2143 paulatim
422 2047 526 2114 Tucci
551 2072 592 2118 ex
617 2048 784 2118 maritimis
809 2042 889 2116 locis
914 2049 948 2114 in
974 2043 1125 2112 interiora
1138 2038 1336 2120 recedebant.
1363 2045 1440 2128 Quo
1453 2036 1503 2112 on

159 2147 332 2241 imperator
357 2147 517 2242 cognito,
543 2141 604 2218 suis
631 2143 787 2228 mandat,
811 2139 968 2244 oppidula
986 2163 1018 2214 et
1037 2137 1329 2231 aedjficiaeadem,
1355 2166 1438 2238 qnae

158 2245 258 2344 paulo
282 2265 356 2318 ante
380 2248 489 2318 anci
514 2247 739 2330 obtinuerant,
765 2241 824 2346 ipll
851 2249 917 2316 iam
940 2267 1042 2316 vacua
1067 2263 1251 2340 occupent,
1275 2249 1311 2315 in
1335 2245 1372 2312 iis
1394 2265 1436 2316 ne

93 2402 96 2409 .
154 2349 375 2444 pernodlent:
399 2341 543 2444 indeque
565 2351 676 2446 primo
700 2373 823 2430 mane,
849 2369 917 2443 quo
943 2362 1095 2440 tempore
1131 2347 1265 2418 Tuscos
1300 2267 1435 2442 prodire

155 2445 261 2520 mllris
284 2467 487 2520 commeatus
510 2444 697 2522 oscellum.
724 2466 779 2520 ant
802 2446 879 2520 alins
914 2438 984 2516 asos
1019 2463 1180 2542 cogeret,
1213 2441 1435 2548 impreffionea

154 2545 189 2616 in
213 2551 270 2618 eos
296 2543 461 2628 facerent,
485 2547 619 2644 qnaefi
651 2543 748 2620 ellent
781 2543 865 2645 pros
881 2571 974 2623 erae,
997 2549 1106 2644 primo
1144 2563 1254 2618 tamen
1293 2541 1435 2618 succelln

153 2651 301 2720 contenti
326 2645 538 2724 nibilominus
568 2651 754 2722 recederent
784 2653 819 2718 in
853 2573 908 2718 lua
938 2641 1094 2741 praesidia
1113 2641 1176 2726 J),
1205 2670 1268 2716 neo
1305 2645 1435 2718 lucrum

152 2745 286 2820 vlterins
311 2747 549 2844 vllosspe'riculo
576 2743 832 2846 paciscereutnr3
857 2751 891 2818 in
917 2770 984 2842 quo
1034 2746 1293 2842 nantulacunque
1313 2739 1434 2816 incide-

108 2899 112 2906 -
152 2868 205 2922 tet
231 2842 373 2920 offenllo
397 2873 537 2946 magnos
561 2846 727 2932 bollibrn,
751 2861 763 2888 ¹
770 2843 953 2947 praetulere
983 2770 1105 2916 alluens
1131 2843 1189 2926 zl,
1215 2838 1347 2916 'animos
1388 2837 1437 2912 fa·

154 2968 275 3036 aeret,
300 2947 384 3020 illico
409 2952 503 3044 igitur
525 2953 668 3046 receptui
692 2965 844 3021 canerent
870 2941 917 3018 α).
966 2939 1067 3034 Hand
1093 2937 1222 3012 dudum
1248 2967 1286 3014 ea
1309 2940 1436 3015 itafien'

154 3066 370 3143 coeperant,
395 3061 488 3120 ‘enm
513 3049 649 3122 retulere
675 3045 782 3122 adhuc
805 3044 933 3122 ulterius
963 3040 1082 3138 pedem
1115 3040 1265 3126 barbari,
1302 3063 1334 3116 et
1363 3047 1437 3114 tuti·

155 3149 273 3220 oribus
298 3145 482 3233 retrolocis
504 3149 601 3222 callra
626 3153 797 3226 muniuere
821 3143 864 3221 b).
914 3145 1029 3242 ‘Tum
1054 3166 1133 3220 vero
1159 3147 1333 3242 imperator
1350 3137 1434 3228 suos,

152 3266 292 3320 eatenus
315 3245 462 3346 pedites,
486 3255 626 3348 equitare
651 3247 735 3324 inllrt
759 3249 815 3332 θ),
840 3243 1028 3342 bellumque
1065 3243 1191 3316 vibrare
1222 3269 1259 3314 ae
1291 3249 1434 3342 recipro·
1500 3283 1501 3288 κ

150 3355 198 3420 cis
226 3345 362 3424 viciffirn
390 3349 621 3424 incursionibus
645 3347 780 3450 fatigare
802 3345 910 3422 hosses
936 3342 1149 3442 sollicitosque
1180 3345 1326 3430 babere,
1359 3367 1431 3418 non

152 3451 219 3523 iam
248 3447 403 3522 irruendo
428 3447 541 3522 furtim
566 3477 626 3551 per
649 3455 754 3525 nodis
781 3449 954 3530 tenebras,
987 3442 1042 3520 sed
1082 3443 1155 3516 luce
1184 3445 1290 3544 palem
1321 3445 1434 3520 audaci

153 3569 257 3624 morte
280 3545 473 3624 laceffendo.
500 3568 615 3650 ‘atque
638 3551 671 3624 id
700 3571 735 3626 vt
758 3543 974 3625 confidentius
1003 3570 1104 3644 porro
1128 3540 1269 3618 facerent
1294 3544 1350 3622 d),
1378 3541 1432 3616 de·

151 3653 302 3722 curiones
326 3656 381 3750 qui
405 3655 492 3750 prius
516 3649 665 3738 luerent,
698 3651 988 3753 quinquagenarios
1023 3641 1122 3726 facit,
1152 3651 1205 3718 ‘vt
1237 3649 1431 3716 mirarentur

147 3749 298 3844 barbari,
329 3777 409 3836 eos,
436 3753 492 3853 qui
514 3751 621 3830 modo
645 3757 741 3856 pauci
764 3775 797 3830 et
821 3747 976 3852 pedites,
1003 3749 1152 3820 noc‘linnr
1177 3745 1310 3837 obtentu
1339 3737 1429 3916 preti,

1358 3869 1427 3916 ura·

161 4073 227 4142 '9¹¹
254 4055 325 4118 End.
351 4077 380 4136 p.
406 4065 467 4134 96,
488 4077 535 4140 97.
858 4050 902 4134 b)
927 4075 974 4130 nup
999 4053 1153 4132 ηορῥωτερω
1184 4041 1266 4108 alodes
1296 4044 1323 4110 e‘r
1353 4059 1422 4131 ,dorp-

178 4153 226 4228 y)
253 4137 387 4221 aipaudtq
410 4167 513 4220 my,
536 4137 588 4206 nair
612 4165 708 4224 priapos
735 4137 763 4218 μ’.
813 4147 894 4220 βαροι
919 4143 1047 4211 lyctores.

180 4239 230 4304 z)
258 4230 353 4291 Addit
375 4231 445 4292 boec
471 4233 623 4315 interpret.
855 4227 895 4306 c)
918 4221 970 4286 o‘sr
991 4217 1182 4304 ἐποθαῤῥηαη
1208 4243 1254 4282 ror
1285 4215 1423 4304 iucrepu-

180 4334 203 4378 a
214 4317 235 4391 )
263 4320 300 4377 ln
322 4337 366 4390 gr.
391 4316 530 4394 additur,
556 4341 601 4398 neq
630 4311 688 4380 σ’σι
714 4335 768 4374 rur
812 4321 1069 4392 ‚caphernaum
1102 4315 1154 4372 dcc.
1264 4335 1266 4342 ·

138 4403 261 4478 φμμσι
293 4399 415 4477 yartebq.
558 4449 605 4464 N„
862 4403 907 4478 d)
930 4401 1019 4468 Addit
1041 4401 1110 4462 haec
1132 4398 1284 4480 interpret.

145 4503 300 4586 limos.
323 4507 365 4582 Τ.
390 4507 467 4585 111.
490 4503 533 4582 P.
558 4506 593 4582 1.
779 4502 813 4579 Y
