4070 5742
307 743 309 753 ,
377 661 458 745 Imp.
490 669 577 724 con.

376 759 572 828 ernustus

382 827 539 924 Momm

584 563 633 653 ⁹⁶
1013 551 1437 646 roseico-utu,

1115 777 1147 832 a.
1171 751 1211 824 C.
1238 777 1325 848 ¹05⁰·

590 912 755 991 demuto
781 937 915 987 cernens
941 885 1070 988 Basilius
1095 915 1140 998 θ),
1164 919 1224 1001 iis,
1250 917 1364 1017 quibus
1389 911 1561 992 muroium
1583 906 1868 988 defendendorum

590 1043 710 1110 munus
743 1015 966 1100 incumbebat,
995 1013 1152 1098 mandat,
1176 1037 1211 1090 vt
1237 1011 1268 1090 se
1301 1025 1518 1100 contineant,
1548 1040 1654 1114 neque
1683 1016 1868 1114 quisquam
1906 1071 1909 1084 .

588 1106 622 1190 se
649 1109 793 1188 exserat:
816 1113 871 1188 sed
896 1121 930 1188 in
955 1137 1089 1216 promtu
1115 1117 1252 1192 habeant
1275 1118 1410 1218 grandia
1443 1117 1547 1208 serra,
1578 1113 1701 1214 sagittas
1742 1116 1880 1214 aliaque·

559 1259 563 1264 ·
589 1214 735 1299 misfilia,
762 1237 794 1290 et
818 1213 1003 1316 exspetieut
1026 1216 1179 1318 lignum,
1205 1242 1272 1316 quo
1293 1217 1369 1292 dato
1382 1223 1398 1315 (
1412 1241 1479 1292 erat
1492 1237 1599 1292 autem
1612 1209 1744 1293 tessera,
1771 1219 1865 1289 Chri·

588 1316 635 1389 lle
660 1321 760 1410 iuna)
785 1344 855 1390 rem
880 1339 1002 1416 gerant.
1029 1340 1060 1391 et
1085 1319 1219 1390 habebat
1243 1315 1380 1392 adrem
1405 1321 1490 1392 hanc
1516 1337 1636 1417 paratas
1662 1315 1764 1386 trabes
1795 1345 1863 1388 ma·

588 1422 692 1490 ximus
718 1413 843 1489 inferne
868 1440 982 1492 acutas.
1030 1423 1161 1491 Interim
1195 1418 1327 1503 Alcon,
1367 1448 1442 1492 cum
1482 1423 1589 1493 Turci
1655 1413 1794 1488 randinis
1830 1421 1867 1488 in

586 1543 718 1590 morem
743 1515 859 1592 emiffis
883 1517 998 1618 sagittis
1022 1543 1280 1618 propugnatores
1307 1519 1491 1602 viderentur
1516 1441 1681 1616 abegill{‚
1713 1515 1867 1614 paulatim

587 1613 664 1691 lesas
694 1645 792 1690 muro
819 1617 1004 1705 admouet,
1034 1625 1126 1720 Qae
1151 1645 1226 1702 cum
1254 1625 1295 1693 ita
1321 1619 1537 1700 accessissent„
1566 1641 1600 1692 vt
1625 1623 1688 1688 iam
1703 1620 1868 1690 retroabi-

589 1719 743 1792 tertullo
769 1719 875 1794 modo
902 1719 993 1822 posse
1021 1720 1220 1796 viderentur,
1247 1715 1348 1794 subito
1374 1721 1449 1794 dato
1481 1750 1499 1794 a
1531 1717 1645 1792 Bafilio
1687 1716 1781 1816 figno
1807 1723 1865 1804 ii,

587 1821 702 1918 quibus
729 1826 899 1920 negotium
927 1845 993 1892 erat
1020 1817 1248 1906 commissum,
1277 1825 1377 1894 trabes
1401 1820 1471 1896 lells
1499 1825 1663 1902 iudcium,
1691 1819 1741 1908 alii
1768 1815 1865 1892 miffi·

586 1919 667 1993 libus
693 1939 725 1990 et
749 1919 906 2020 lapidibus
934 1927 1102 2022 impetunt.
1129 1927 1233 2019 itaque
1259 1919 1343 2006 lesa,
1370 1949 1433 2022 qua
1457 1919 1523 2021 ipse
1549 1919 1651 1994 Alcan
1676 1919 1863 2018 tegebatur,

586 2016 735 2120 pondere
766 2025 986 2120 impaslotum
1011 2017 1154 2094 subuersa
1180 2025 1281 2094 teslos
1306 2023 1459 2098 nudauit:
1488 2027 1540 2122 qui
1578 2015 1720 2118 undique
1758 2017 1871 2119 lapidi·

585 2121 644 2192 bu
672 2139 705 2192 et
727 2115 842 2221 sagittis
867 2127 1024 2221 impetiti,
1050 2149 1128 2194 cum
1153 2147 1253 2220 opem
1278 2119 1362 2197 serre
1387 2138 1487 2196 ue‘mo
1514 2118 1645 2222 pollet',
1672 2147 1788 2192 omnes
1812 2147 1866 2220 pe·

590 2227 722 2296 tieruut.
762 2221 922 2296 Alcanem
951 2219 1123 2321 splendore
1149 2249 1330 2324 armorum·
1344 2232 1499 2324 agnitum
1516 2222 1614 2298 sortes
1641 2218 1709 2294 duo
1734 2227 1866 2296 iuuenes

586 2341 683 2430 porta
709 2321 792 2394 vrbis
807 2321 1017 2416 „exsilientem
1044 2321 1183 2402 crinibus
1208 2319 1481 2424 comprehensum
1508 2331 1542 2396 in
1566 2326 1677 2396 vrbem
1703 2343 1865 2420 pertentes

592 2441 694 2496 runt:
722 2427 775 2494 cui
801 2421 903 2496 slatim
931 2445 1026 2523 caput
1050 2431 1228 2522 amputauit
1253 2423 1409 2501 Basilius,
1446 2425 1542 2525 idque
1575 2431 1607 2494 iu
1651 2427 1783 2496 Turcos
1822 2423 1866 2498 esl

590 2519 750 2595 iaculatus.
801 2522 978 2608 soltanus,
1001 2523 1187 2625 grauissimo
1214 2521 1330 2600 dolore
1355 2529 1494 2600 obeam
1522 2525 1646 2598 cladem
1674 2547 1865 2646 percepto,

592 2619 689 2692 casira
717 2643 854 2708 mouet,
883 2625 1009 2724 lingens
1038 2621 1071 2698 se
1102 2623 1278 2698 necessariis
1319 2623 1509 2726 quibusdam
1551 2628 1644 2698 rebus
1682 2627 1867 2725 urgentibus

589 2718 732 2796 'domum
758 2727 908 2809 auocari,
933 2731 1135 2824 minaturque
1160 2723 1338 2826 insequenti
1365 2755 1440 2804 vere
1465 2729 1498 2802 se
1522 2725 1701 2802 maioribus·
1722 2754 1799 2820 cum
1812 2753 1866 2818 oo-

467 2828 470 2845 '
586 2823 649 2930 piis
672 2825 709 2898 in
731 2823 903 2902 Romanos
927 2821 1172 2928 expeditionem
1196 2822 1371 2907 secuntum

412 3627 413 3632 t
526 3559 577 3633 41·

1094 3176 1096 3186 Α
1166 3111 1196 3208 §-
1222 3113 1279 3200 64·

592 3319 594 3324 -
694 3275 795 3370 [Qra
820 3269 861 3344 de
884 3274 922 3346 're
947 3275 1122 3370 imperator
1147 3267 1316 3365 sollicitus,
1341 3277 1573 3377 Nicephorum
1587 3277 1867 3352 eunuchum'cum

592 3403 733 3472 exercitu
762 3405 795 3469 in
822 3401 979 3469 orientem
1007 3391 1122 3499 mittit.¹
1160 3400 1253 3498 Qui]
1279 3389 1443 3501 usquead
1464 3411 1581 3492 pontes
1594 3401 1727 3494 ferreos·
1759 3407 1773 3492 (
1800 3405 1865 3477 loci

588 3519 655 3591 hoc
680 3521 836 3610 nomen)
864 3539 894 3590 et
918 3515 1131 3591 Cantzocium
1157 3520 1195 3584 ‘ll
1214 3517 1419 3624 progressus,
1444 3525 1479 3598 in
1505 3523 1636 3594 Turcos
1650 3517 1781 3619 quidem
1796 3520 1866 3600 uon

587 3639 724 3720 incidit:
755 3643 788 3712 hi
815 3645 903 3714 euim
928 3644 961 3710 in
986 3641 1116 3739 planitie
1139 3639 1373 3720 Persarmeniae
1398 3643 1494 3716 calita
1519 3648 1650 3724 nient,
1677 3643 1760 3716 duce
1783 3648 1865 3724 An.

589 3765 741 3844 melesio,
767 3759 950 3838 Cutlumusr
975 3759 1095 3844 fratre,
1124 3765 1200 3838 cum
1235 3764 1275 3838 de
1310 3769 1540 3838 Romanorum
1580 3768 1671 3866 graui
1712 3765 1864 3865 expediti·

592 3905 659 3953 one
683 3887 840 3954 nuncium
864 3880 1077 3986 accepissent,
1104 3913 1174 3961 uon
1198 3885 1263 3962 aust
1289 3911 1403 3961 eorum
1438 3883 1612 3960 aduentum
1645 3885 1863 3990 exspesiare‚

478 4037 479 4040 ¹
593 3999 734 4078 domum
759 4005 907 4086 abierant.

1756 4106 1860 4208 Μ’·

626 4309 666 4388 e)
691 4305 707 4371 ὅ
730 4319 900 4403 neuturus,
924 4315 964 4384 in
987 4333 1016 4380 et
1031 4315 1128 4418 paulo
1152 4319 1198 4381 in·
1292 4315 1316 4380 d
1327 4325 1338 4386 )
1364 4305 1436 4393 ἰκμ
1459 4337 1508 4381 vu
1532 4315 1857 4408 &estrumentum

586 4395 679 4462 setius
702 4419 833 4463 vocatur.
1123 4421 1156 4446 ··
1247 4410 1336 4497 peges
1357 4425 1401 4502 ste,
1427 4423 1465 4462 aa
1489 4396 1669 4510 Koetrsoetttts

630 4505 675 4566 41·
702 4501 803 4550 canu.
828 4488 872 4549 T.
890 4487 925 4549 IL
946 4506 975 4570 p·
999 4502 1063 4565 782·
1763 4513 1766 4520 ’
1791 4561 1857 4608 ,κη
