4026 5738
137 991 274 1082 deiecit,
292 957 334 1068 bt
359 987 652 1092 reliquo·exercitu
678 1019 742 1094 pro
778 993 909 1070 arbitrio
949 993 996 1072 vn'
1031 995 1159 1094 poterit.
1209 991 1275 1068 Vbi
1311 1015 1420 1076 autem

135 1099 239 1196 magis
263 1099 334 1200 quis
358 1093 451 1170 letale
473 1091 596 1194 infligat
620 1093 759 1178 arduus,
785 1123 886 1196 qttarn
909 1091 936 1170 st
961 1115 1059 1194 capot
1075 1093 1194 1172 feriati
1220 1097 1314 1172 Tum
1329 1105 1421 1178 enirn

137 1223 256 1296 corpus
283 1217 389 1272 totum
415 1193 511 1270 dolet
562 1201 600 1266 lu
626 1202 730 1298 capite
754 1193 958 1302 enimlquafi
982 1197 1054 1272 vrbs
1079 1219 1110 1271 et
1133 1201 1281 1298 regimen
1321 1207 1419 1278 totius

135 1302 274 1376 humani
301 1301 446 1396 eorporis
471 1293 568 1368 fisum
594 1295 650 1370 est.
695 1301 754 1372 Sin
779 1318 888 1374 autem
914 1297 1002 1372 hand
1029 1295 1155 1372 dedens
1177 1299 1419 1390 tentavimus,

13 1411 15 1431 '
137 1397 271 1476 difficile
294 1395 473 1472 admodum
500 1415 532 1468 et
555 1391 753 1474 laboriosum
778 1405 864 1486 erit,
899 1395 1047 1499 superare
1085 1397 1225 1476 hollam.
1277 1405 1359 1488 Ἐς,
1386 1425 1456 1482 vt‘

13 1517 17 1556 ³
136 1527 246 1578 nrearn
273 1502 400 1598 capiatis
426 1495 638 1583 sententiam,
662 1495 708 1574 lic
734 1499 841 1576 audite
865 1503 912 1574 ο).
939 1499 1091 1586 Vidistis,
1117 1523 1153 1578 vt
1183 1507 1302 1586 iamne
1337 1511 1422 1607 regis
1530 1557 1535 1564 -

136 1599 278 1679 lietscint
301 1619 417 1673 neutro
444 1599 611 1674 inclinatae
638 1599 678 1673 ad
703 1629 862 1704 pugnam.
909 1607 982 1678 Nec
1019 1597 1115 1676 etiarn
1156 1603 1325 1704 periclitari
1364 1633 1423 1682 vo·

11 1723 17 1763 ³
75 1721 82 1738 “
136 1706 231 1787 lunt,
257 1698 345 1804 quali
371 1697 449 1776 salus
474 1706 558 1801 regis
584 1723 679 1804 atque
703 1702 787 1778 adeo
814 1707 910 1777 totius
932 1709 1092 1780 exercints
1115 1709 1150 1776 in
1177 1709 1186 1776 i
1211 1703 1251 1778 sn
1276 1703 1333 1780 sna
1359 1705 1422 1784 litt

13 1829 17 1836 ·
135 1833 199 1881 nec
225 1811 332 1905 prius,
356 1829 454 1904 quam
482 1800 644 1876 necessitas
669 1803 898 1904 postulauerit‚
923 1831 1072 1910 pugnam
1099 1733 1271 1905 sepedum.
1322 1813 1420 1912 Agite
1456 1887 1464 1904 ,

135 1912 256 2011 igitur,
281 1908 371 1978 bunc
395 1909 488 2005 regis
507 1909 684 1979 exercitum
709 1903 923 1983 innodamus:
948 1913 1004 2007 qui
1028 1905 1054 1982 li
1079 1909 1114 1980 in
1139 1903 1253 2008 fugam
1285 1909 1419 1998 abierit,

12 2033 21 2046 ’·
134 2009 243 2084 nullos
266 2033 328 2081 nos
352 2003 536 2108 exspedlare
561 2001 728 2096 sustinebit.
761 2007 906 2104 fCenleo
931 2031 1065 2093 autern,
1092 2027 1143 2082 ‘vt
1167 2036 1280 2112 regem
1306 2037 1421 2114 aggia.

11 2146 15 2154 ·
136 2109 266 2198 diamur
290 2135 368 2182 curn
394 2103 542 2183 uniuerso
566 2111 709 2182 'exercitu
735 2103 790 2188 dt,
814 2135 891 2182 curn
916 2113 1058 2184 curribus
1084 2135 1246 2212 quoques
1276 2113 1311 2186 in
1352 2117 1421 2214 qui·

12 2240 16 2258 ·
132 2213 192 2288 bus
218 2205 413 2286 bombardae
437 2227 470 2284 et
491 2207 709 2310 bombardarii
733 2203 826 2284 sont:
851 2229 941 2286 etat
966 2237 1140 2312 pergamus
1165 2211 1273 2285 adhuc
1289 2215 1422 2288 haeno-

135 2317 190 2389 tte
217 2309 387 2386 confestim
415 2333 527 2384 contra
552 2315 686 2396 lamnas,
712 2337 774 2384 uec
799 2315 1000 2386 cunclemur.
1025 2317 1067 2385 Et
1091 2311 1302 2408 accedentes,
1327 2313 1436 2389 bona·

66 2427 70 2432 '
134 2410 309 2490 bardarum
333 2411 438 2514 globis
464 2407 644 2512 sagittisque
670 2431 815 2514 petamus
843 2419 958 2488 ianuae
984 2413 1120 2498 milites,
1147 2419 1422 2514 iisqueterrorens
1468 2427 1470 2430 ’

134 2519 319 2592 maximum
345 2509 529 2586 inferamus.
579 2517 658 2588 Satis
684 2535 773 2588 certo
799 2509 888 2600 scio,
915 2540 970 2590 eos
997 2541 1066 2588 non
1093 2509 1289 2600 mansuros,
1321 2515 1422 2618 vsque

134 2617 218 2692 dum
244 2611 401 2690 illucescat
425 2611 514 2704 diest
539 2607 593 2688 sed
619 2619 680 2688 hac
704 2613 811 2690 adhuc
834 2619 932 2692 nodie
957 2613 1078 2690 lubenti
1103 2643 1141 2688 ac
1165 2614 1288 2716 cupido
1301 2613 1422 2714 {animo

130 2715 249 2822 sugam
273 2721 434 2826 arripient.
484 2713 586 2817 Quod
610 2713 636 2794 fi
657 2711 754 2794 fuerit
778 2715 944 2807 fadum·
959 2711 1054 2794 facile
1089 2744 1152 2796 nos
1190 2743 1302 2796 retain
1337 2723 1424 2826 potia

130 2847 236 2900 emur.

718 3003 750 3104 i
775 3027 840 3100 us

8 3283 10 3290 ,
157 3207 162 3215 ·
240 3177 439 3262 ‘His'dtttts
463 3209 579 3260 omnes
604 3183 794 3264 consensum
821 3186 1024 3288 praelbtere,
1050 3212 1083 3269 et
1106 3211 1182 3292 vno!
1200 3209 1259 3263 ore
1294 3181 1342 3258 lic
1374 3176 1424 3256 sa·
1534 3249 1538 3271 ,

7 3353 10 3365 ,
137 3285 293 3363 ciendum
319 3285 383 3364 effe
408 3296 664 3388 pronunciarent
688 3295 732 3361 θ).
783 3295 954 3366 Continuo
981 3297 1091 3396 igitur·
1104 3292 1246 3366 cunibus
1271 3289 1305 3360 in
1337 3289 1433 3385 regie

6 3386 10 3392 ¹
132 3396 318 3466 exercitum
343 3393 462 3464 innecii
488 3384 583 3474 sunt,
608 3386 664 3464 sub
690 3397 794 3489 prima
819 3393 926 3464 adhuc
951 3399 1057 3470 nuliis
1085 3395 1201 3496 vigilia
1251 3393 1347 3478 Cum
1366 3413 1423 3490 ap·

136 3485 405 3594 propmquaffent
432 3497 547 3564 ianuae
572 3493 747 3578 militibus,
772 3515 929 3567 terrorem
956 3492 1065 3572 fecere
1091 3501 1297 3570 maximum,
1329 3489 1424 3562 bont·

6 3588 8 3596 ⁵
141 3595 312 3668 bardarum
338 3589 441 3694 globis
470 3611 501 3664 et
526 3593 632 3666 iaculis
664 3589 812 3669 ferientes
850 3605 1048 3696 peregrinos.
1097 3603 1140 3674 Et
1178 3589 1310 3698 quidem
1352 3598 1424 3666 vim

87 3707 91 3712 '
136 3695 297 3771 faciebant
323 3693 425 3768 callris
454 3699 623 3769 Arnucatis.
672 3703 797 3770 Verum
823 3703 1006 3798 peregrini,
1031 3701 1084 3774 vbi
1108 3725 1178 3772 rem
1197 3713 1423 3794 cognorunt,

5 3794 7 3802 ’
137 3822 267 3898 magno
292 3801 403 3870 auimo
428 3798 632 3870 Pannonibus
658 3798 824 3872 restitere?
858 3802 945 3871 Nam
980 3797 1187 3875 bombardas'
1209 3794 1425 3894 expediebant

141 3893 449 3998 bombardariosque
475 3899 675 3982 estimabant,
703 3922 739 3986 et
761 3927 830 3972 non
856 3895 1012 3978 cetisbanr
1051 3900 1178 3988 iaculari
1217 3902 1385 3972 Pannones
1411 3921 1424 3968 t

137 4001 273 4105 plurimi
297 4004 332 4074 in
356 4025 396 4074 ea
418 4001 518 4075 nodie
542 4005 707 4102 utrimque
729 3997 907 4090 cadebant,
931 4007 987 4080 itti
1020 3999 1271 4080 bombardorum
1309 3997 1425 4099 globis.

1199 4133 1214 4142 ·
1335 4095 1424 4200 poll·

183 4331 226 4414 c)
243 4311 297 4406 ¹tlt
320 4355 364 4393 m
388 4323 416 4390 da
441 4323 512 4390 ἕντο)
538 4321 615 4398 dexo.
850 4329 893 4412 e)
913 4289 1011 4395 neore
1035 4339 1123 4409 ltrym
1147 4324 1163 4392 0⁸
1184 4329 1322 4402 Tenens,
1352 4331 1425 4387 irca-
1458 4331 1482 4371 ’-

113 4442 118 4450 '
183 4419 361 4499 alimini
383 4443 417 4509 ΤΡ
441 4415 604 4498 ‘'Wffll'i
629 4409 697 4490 ’ll‘l’
727 4405 760 4476 Ι.-
808 4419 845 4506 59⁸
869 4443 903 4482 aa
928 4445 980 4512 ¹saep
1003 4425 1094 4486 luteos
1118 4413 1270 4504 [tutan]
1292 4405 1374 4482 dote.

140 4531 287 4675 bilsa.
314 4589 360 4695 Τ,
380 4559 529 4670 nnn
552 4591 609 4667 Π.
670 4587 710 4688 s
733 4585 755 4662 s
779 4585 801 4665 s
825 4589 845 4666 s
869 4589 923 4688 u,

967 4777 980 4816 Ι
1036 4809 1039 4825 r
