4110 5742
562 610 570 620 ·
627 565 830 658 ettvr
856 563 986 658 Μ’
1352 520 1427 685 {te

964 743 971 750 .
1439 687 1517 772 Imp.
1553 667 1634 756 Atti-

612 803 639 853 ι
664 783 705 856 0.
729 792 948 876 1109-1118.
1440 775 1546 834 ¹10¹·

148 917 286 986 retorem
313 911 379 980 cito
404 901 562 980 redeunt,
589 931 660 978 non
687 909 818 1003 captiuis
843 903 949 978 modo
981 901 1094 978 nolitis
1125 909 1340 1004 recuperarit,
1367 903 1423 982 sed
1437 857 1540 924 cmm

146 1007 457 1114 prtedr·spoliisque
480 1001 609 1104 insuper
633 1005 760 1078 onusli:
784 1025 816 1079 et
842 1007 1048 1079 barbarorum
1076 1001 1170 1104 plone
1195 1023 1357 1106 quotquot
1376 1014 1423 1082 in.

151 1119 300 1188 uenerant
326 1115 497 1210 ingentem
519 1105 760 1182 multitudinem
786 1111 953 1180 trahentes.
1005 1108 1225 1207 Sequebantur
1250 1104 1333 1206 ipsos
1353 1111 1422 1183 Ro·

151 1217 236 1288 tn'rni
261 1238 392 1312 qnoque
415 1210 567 1284 locontm
592 1209 763 1307 indigenae
789 1207 925 1281 illorum
954 1209 1010 1280 vel
1034 1209 1203 1310 inquilini,
1230 1215 1316 1307 qui,
1350 1235 1427 1307 pet·

153 1313 228 1388 mest
252 1309 402 1387 seruitutis
425 1311 624 1390 barbarie-te,
653 1306 710 1408 ipsi
736 1335 811 1380 cum
836 1308 907 1381 liliis
933 1307 1068 1392 adultis,
1094 1311 1198 1381 trariis
1223 1337 1285 1382 vua
1312 1305 1421 1386 secum

150 1416 333 1488 'mulieribus
357 1439 394 1485 ac
417 1409 577 1509 paruulis,
603 1407 643 1480 ed
675 1415 904 1508 imperatorem
938 1407 1053 1508 pall'tm
1084 1409 1181 1482 veluti
1223 1408 1263 1480 ed
1296 1406 1443 1503 asylum·

158 1513 377 1614 eonsogiebtnt
399 1511 597 1586 tutill'rmum.
648 1511 726 1594 Ille,
754 1516 821 1581 acie
847 1511 1022 1599 infirmia,
1049 1534 1142 1582 noue
1162 1505 1355 1592 illasorma,
1382 1511 1424 1584 de

158 1643 217 1717 qut
240 1615 372 1689 diximus
397 1609 561 1712 superius,
587 1616 784 1710 captiuisque
810 1613 980 1694 omuibus,
1006 1611 1149 1710 itemque
1174 1611 1358 1686 mulieribus
1385 1639 1422 1683 ac

157 1718 285 1818 pernulis
311 1721 343 1787 in
370 1739 442 1786 enm
467 1709 611 1785 mediam
642 1710 791 1793 inclusis,
816 1711 942 1812 regredi
968 1737 1027 1810 per
1051 1713 1187 1784 eandem
1226 1717 1333 1794 viam,
1360 1735 1423 1809 qut

156 1838 296 1898 teneret,
322 1813 464 1886 inliituit.
513 1815 665 1885 ‘Tutum
691 1832 757 1884 etat
784 1815 850 1882 boc
878 1809 984 1884 modo
1018 1817 1077 1884 iter
1110 1839 1168 1910 per
1197 1829 1421 1912 quaecumque
1432 1849 1498 1922 173·

155 1917 280 1992 demum
304 1915 402 1996 loca,
428 1917 523 1986 etiam
548 1910 574 1986 li
598 1917 723 1986 vicinae
748 1903 869 2012 uspiam
896 1917 1140 2009 praeterirentur
1164 1913 1422 1996 ateesltoslium,

150 2018 251 2092 relidit
276 2012 424 2115 ipsorum
450 2009 610 2110 praesidiis
637 2009 765 2086 insessae
790 2018 835 2086 ς).
882 2019 1009 2084 vContru
1036 2039 1152 2085 omues
1178 2017 1266 2084 enim
1284 2014 1358 2086 tales
1373 2039 1422 2085 ct·

151 2115 196 2192 sut
219 2141 314 2218 etque
339 2111 480 2188 incursus
506 2111 632 2187 abunde
664 2119 866 2213 praemunita
897 2114 962 2184 ibat
1001 2117 1110 2184 ciuitas
1145 2112 1232 2185 velut
1264 2112 1426 2212 quaedam·

153 2224 379 2295 Romanorum
404 2214 591 2298 ambulant,
618 2219 697 2288 vittis
724 2213 865 2316 undique
890 2216 1036 2312 protet‘la
1064 2219 1163 2284 muris
1189 2235 1220 2286 et
1252 2217 1385 2286 turribus
1411 2215 1431 2303 ς’

148 2317 289 2396 sormam
315 2323 538 2392 munitionum
562 2343 600 2390 tc
623 2315 710 2390 velut
734 2313 830 2388 litum
860 2321 894 2386 in
926 2318 1019 2387 omui
1051 2311 1128 2387 loco
1161 2312 1302 2389 eundem
1343 2315 1425 2390 obti-

148 2449 225 2501 nent
254 2424 303 2494 t).

726 2520 854 2618 §.242

244 2635 315 2707 Diu
343 2626 390 2702 fic
413 2629 692 2734 progredientibus
716 2636 875 2708 Romanis
901 2629 988 2704 nulla
1014 2637 1047 2705 in
1083 2628 1294 2733 conspedium
1333 2641 1421 2710 venit

144 2737 353 2812 barbarorum
375 2759 500 2806 manus.
550 2736 712 2807 Circuibat
746 2757 854 2807 tamen
900 2739 1063 2836 vtrimque
1099 2735 1194 2810 latera
1234 2733 1421 2811 nostrorum

146 2839 230 2911 clun
256 2833 409 2907 affectans
435 2832 640 2928 Monolycus
665 2863 740 2906 cum
769 2841 869 2934 copiis
896 2831 1043 2918 idoneis,
1070 2863 1146 2936 quas
1171 2831 1303 2908 subinde
1326 2844 1360 2910 iu
1379 2842 1424 2908 in·

146 2939 243 3012 lidias
269 2935 409 3008 abdebat.
457 2935 520 3006 Vbi
549 2962 628 3008 veto
655 2939 823 3009 Romanus
848 2939 1003 3008 exercitus
1028 2939 1171 3010 mediam
1197 2938 1333 3011 obtinuit
1358 2937 1424 3036 pla·

150 3043 270 3113 nitiem
293 3062 387 3116 earn,
413 3059 493 3132 quae
517 3033 595 3108 hinc
621 3035 754 3138 quidem
780 3036 884 3108 modo
910 3043 1081 3110 nominato
1114 3039 1207 3118 lacu,
1242 3037 1327 3112 illinc
1364 3043 1425 3112 l’o·

148 3141 273 3235 syboto
300 3131 474 3220 clauditur,
499 3161 570 3235 pars
594 3136 750 3238 quaedem
778 3141 932 3211 exercitus
959 3139 1124 3224 Turcici,
1156 3137 1314 3238 ‘expediti
1353 3143 1423 3240 qui-

149 3241 228 3314 dem
257 3253 292 3310 et
315 3238 428 3312 leuiter
451 3244 585 3322 armati,
610 3259 796 3322 caeterum,
819 3257 854 3312 vt
877 3240 1070 3336 apparebat,
1097 3237 1230 3312 audacer
1266 3261 1297 3314 et
1321 3239 1422 3316 fortes

148 3347 285 3414 iuuenes
311 3341 369 3420 vl,
392 3363 434 3440 ex
460 3335 576 3411 insidiis
602 3344 763 3439 utrimque
790 3331 1040 3438 consurgentes,
1065 3341 1223 3414 ollentare
1247 3339 1278 3414 se
1303 3369 1320 3412 a
1344 3341 1422 3415 loco

149 3441 305 3544 superiori
330 3457 363 3511 et
388 3436 630 3538 impressionem
656 3445 772 3516 minati
796 3443 1026 3516 vehementem
1051 3469 1197 3542 coepere.

198 3645 204 3670 ³
254 3627 347 3696 Cum
373 3623 423 3694 hit
448 3619 654 3724 archisatrnptt
679 3626 906 3721 Monolycut,
931 3631 980 3702 vit
1006 3645 1149 3698 maturae
1174 3629 1237 3715 ipnt
1264 3627 1368 3694 aetatis
1391 3643 1424 3698 et

145 3725 244 3822 longa
270 3727 472 3820 experientia
496 3723 654 3799 bellorum
679 3727 819 3798 militaris
850 3733 922 3800 artis
946 3725 1178 3824 peritissimus,
1213 3718 1275 3798 visa
1309 3723 1425 3821 procul

146 3823 369 3926 descriptione
392 3829 471 3898 aciei
496 3825 645 3912 nollree,
669 3824 758 3898 houd
783 3825 1013 3900 dillimulantet
1051 3826 1243 3928 obllupuit,
1281 3835 1425 3900 mintur-

706 3925 858 4016 Nn3
1203 4039 1209 4046 ἱ
1358 3951 1423 4028 que

188 4168 246 4234 178.
273 4167 385 4216 ANNA
414 4163 524 4214 COMN.
550 4171 578 4232 p.
602 4171 671 4234 474.
812 4177 853 4214 etr
889 4173 938 4218 w
978 4143 1112 4234 α’μμενην
1151 4156 1245 4220 lueret
1278 4176 1421 4228 κινιμινην

180 4243 230 4324 5)
249 4265 300 4318 tuq
327 4231 378 4313 ἔφ’
400 4231 439 4296 t‘rt
462 4231 493 4296 tir
515 4246 703 4316 προσεπιλισι
721 4232 764 4298 ‘lt-
813 4237 951 4310 corrulo.

146 4354 203 4394 ςης
226 4323 291 4404 μιΤ
317 4321 478 4399 dedebam
503 4320 763 4406 tineensleoptvr‘lt·
833 4329 900 4406 ,v)
925 4320 1084 4388 tivrtrrtterr
1122 4347 1223 4388 curret
1262 4345 1307 4402 req
1341 4321 1430 4392 daber

187 4425 229 4489 t)
253 4439 306 4492 req
333 4407 406 4472 «ists
430 4405 461 4469 tir
486 4407 564 4487 a'lev,
588 4421 670 4472 πολιν
701 4435 765 4470 τινα
812 4421 980 4493 τολμητιοᾳ.

143 4501 279 4578 lpdtuxtr
305 4517 521 4578 necteremur
545 4499 692 4580 ntptvtdtq
716 4521 764 4559 a*
